2892 4684
266 277 340 372 tte

268 458 451 547 qnadraginta
477 466 542 523 onte
568 454 662 520 stirias
688 431 801 526 dedisse
830 452 1016 538 contestetur,
1039 449 1204 533 inieutilttts,
1225 472 1332 535 quem-
1433 439 1434 466 ¹

269 543 472 633 quarupupilli
496 542 660 606 trierarchia
680 540 763 602 liberi
785 552 851 602 sunt
873 536 955 600 etiam
984 557 1034 619 per
1053 556 1156 599 anuntn
1177 554 1329 620 postquam
1358 555 1369 596 1
1433 557 1434 589 t

270 632 406 714 suijuris
427 626 494 692 inuti
515 637 588 707 sunt,
616 625 759 692 dimidium
787 644 943 706 expensum
973 623 1050 705 tolit3
1080 622 1235 685 rationibus
1257 643 1329 688 tero

272 716 449 786 trierarchiae
469 714 623 796 pensitatus
645 710 813 794 comparetis
833 712 1020 791 deprehensus
1047 723 1091 770 est
1118 707 1185 778 nihil
1206 707 1258 771 nisi
1278 709 1329 772 vi.
1434 725 1435 728 ¹

273 803 345 886 giuti
373 809 504 887 quattuor
533 798 625 860 ruinas
644 796 813 877 expendisse
841 795 1006 876 easdemque
1033 797 1069 856 ab
1089 794 1242 857 infantibus
1264 793 1330 857 sol-

275 890 383 954 vendas
403 904 519 948 eurasse
539 883 581 965 (§.
602 880 657 946 26.
679 881 760 959 27.)
784 881 933 943 Praeterea
954 900 1052 942 uorem
1073 878 1102 940 iu
1123 900 1202 959 mute
1221 879 1353 942 Adria-¹

275 976 360 1038 tientn
389 970 567 1049 nauigantem
594 969 701 1030 dnonas
728 966 840 1029 talentis
868 968 994 1029 oneravit
1022 963 1172 1028 liberorum
1201 964 1329 1046 periculo

278 1058 322 1146 (§.
351 1054 405 1121 25.
435 1055 471 1119 el.
500 1052 624 1118 Bueeldt.
656 1053 692 1118 Ο.
723 1074 749 1116 o.
778 1049 804 1132 Ι,
834 1047 908 1115 148.
937 1051 1039 1115 Meter.
1062 1050 1144 1116 Pron.
1167 1073 1197 1132 p.
1216 1047 1328 1132 451.);
1434 1113 1437 1127 1

279 1164 364 1224 qnntn
384 1159 453 1206 rere
474 1135 631 1201 mercatura
651 1137 766 1219 duplum
793 1138 958 1200 reddidisset
980 1136 1032 1220 (cl.
1052 1134 1175 1200 Boenlrlt.
1198 1132 1329 1216 0.e.11‚

279 1217 359 1307 65),
380 1246 449 1290 suas
479 1246 544 1288 esse
568 1226 700 1306 pecunias
732 1221 880 1286 contendit.
938 1222 1027 1284 Porro
1059 1223 1142 1283 trium
1175 1220 1330 1284 liberorum

281 1306 372 1395 ὄψον
391 1310 513 1394 quotidie
533 1312 653 1393 quinque
672 1309 763 1372 oltolis
776 1308 943 1386 constitisse,
965 1307 1151 1369 calceamento
1171 1317 1198 1369 et
1218 1306 1332 1388 impsu-

185 1463 191 1470 ,
282 1419 332 1461 ens
353 1395 502 1460 tulloniuas
533 1396 726 1476 tonsoriasque
747 1417 799 1476 pqr
820 1406 882 1455 nuto
903 1413 993 1456 annos
1013 1391 1104 1473 pluris
1118 1412 1201 1476 qnam
1223 1393 1331 1456 talento

281 1483 328 1567 (ο.
354 1482 410 1548 29.
438 1481 474 1546 ot.
502 1481 625 1544 Boeoldu.
647 1481 682 1545 0.
705 1502 731 1543 o.
757 1480 779 1557 l,
801 1480 873 1544 ltl.
900 1478 989 1560 125.)
1011 1479 1131 1545 dixerat.
1174 1477 1220 1542 Ex
1241 1478 1339 1562 patris.

283 1568 427 1651 exsequiis
455 1586 527 1648 qnae
554 1587 588 1629 ne
614 1565 711 1645 viginti
742 1563 863 1646 quinque
891 1568 1002 1645 quidem
1019 1564 1112 1646 *ruinis
1140 1565 1332 1643 constiterant,

282 1653 369 1718 2500
389 1654 549 1727 drachmas,
571 1653 606 1715 ad
628 1650 804 1734 Dionysiaca
825 1649 890 1728 aqut
914 1649 992 1730 pretii
1004 1652 1077 1730 quod
1087 1650 1207 1711 sederint
1228 1651 1335 1713 deneh-

283 1758 348 1806 mae
377 1733 435 1818 (ns.
456 1737 580 1804 Boenlrh.
604 1736 640 1800 0.
664 1758 690 1799 o.
710 1734 738 1814 Ι,
759 1734 836 1814 83.)
870 1736 959 1796 luisse
988 1736 1067 1813 dixit,
1090 1746 1152 1796 outo
1173 1738 1334 1815 drachmas,

167 1853 171 1864 u
281 1843 321 1886 ex
342 1822 407 1886 eliis
428 1821 507 1884 sestis
532 1822 719 1904 quadraginta
746 1824 849 1898 mittas,
877 1820 995 1903 deniqne
1016 1820 1074 1883 alia
1100 1820 1186 1883 utnlta
1207 1841 1337 1903 expensis

285 1906 538 1972 tecit‘inlantibus.
590 1906 701 1984 Quibus
730 1909 857 1988 omuibus
886 1927 939 1967 nou
967 1905 1092 1985 occultis,
1121 1906 1216 1970 multis
1242 1916 1336 1970 auteur

285 1993 350 2058 aliis
369 1991 526 2074 incognitis,
553 1989 627 2055 filius
657 1991 769 2056 Diodoti
798 2000 864 2052 natu
896 1990 986 2073 ndujor
1015 2013 1099 2074 quum
1118 1991 1191 2055 iuter
1210 1994 1336 2075 ephebos

288 2078 467 2159 reciperetur,
494 2078 628 2157 Diogiton
661 2077 705 2158 (§.
732 2074 779 2161 9.)
801 2078 904 2140 liberos
930 2082 1013 2138 doruo
1033 2079 1113 2161 eJ‘euit
1135 2077 1257 2162 nihilque
1278 2078 1336 2142 nisi

286 2163 387 2244 uiginti
421 2164 511 2226 miuus
540 2175 568 2225 et
596 2162 711 2243 triginta
737 2172 859 2228 stateras
885 2184 904 2224 a
932 2173 1011 2244 patre
1031 2184 1104 2228 esse
1128 2163 1224 2229 retina
1250 2176 1335 2247 atque
1393 2201 1401 2220 t

288 2251 381 2316 adnue
410 2245 464 2314 sna
494 2249 612 2332 pecnnia
637 2249 756 2311 infantes
783 2268 815 2310 se
837 2249 966 2310 nntriisse
988 2250 1116 2312 mentitus
1136 2262 1190 2316 est.
1231 2251 1338 2313 Lauri-

288 2346 398 2399 meutes
418 2344 536 2398 matrem
558 2336 702 2417 adierunt3
729 2342 823 2397 aetum
850 2334 979 2397 consulto
1002 2334 1146 2417 Diogitoni
1164 2346 1194 2398 nt
1215 2356 1261 2404 res
1282 2356 1338 2400 ee-
1399 2326 1403 2333 ’
1435 2380 1440 2405 .

168 2445 173 2450 ’
288 2443 350 2484 ran
372 2420 498 2501 cognatis
525 2417 568 2502 (ς.
598 2419 666 2499 12.)
697 2432 828 2500 ageretur
853 2421 901 2481 vix
929 2429 1138 2501 persuaserunt.
1185 2421 1229 2482 ldi
1250 2415 1363 2486 mater*

289 2505 454 2587 liberorum,
481 2504 541 2568 filie
569 2504 740 2585 Diogitonie‚
773 2516 880 2586 patrem
913 2507 1005 2588 ipsum
1032 2505 1143 2589 argenti
1172 2505 1340 2592 impiissime

292 2591 421 2655 subducti
448 2590 608 2669 accusauit3
638 2592 785 2673 conjugem
813 2611 895 2653 suurn
923 2593 1054 2672 probavit
1087 2594 1207 2675 quinque
1233 2594 1341 2659 alente

291 2674 448 2757 reliquisse,
470 2684 664 2737 testamentum
686 2696 704 2738 a
726 2674 822 2738 liberis
844 2687 981 2757 repertum
997 2677 1105 2760 sibique
1116 2680 1242 2741 nuditum
1263 2699 1340 2757 esse,

291 2760 469 2841 Diogitonem
482 2771 590 2823 eentum
605 2760 696 2824 mitres
708 2761 811 2823 foenori
833 2764 913 2824 datas
931 2767 1074 2844 accepisse
1095 2765 1220 2847 aliasque
1236 2764 1341 2845 uiginti

291 2848 384 2909 miras
398 2846 567 2929 multamque
585 2846 796 2929 supellectilem
818 2846 981 2910 frumentum
995 2850 1145 2931 quotannis
1159 2872 1195 2912 ex
1212 2841 1344 2913 Cherso-

293 2953 361 2995 neso
382 2933 435 3012 (ut.
458 2931 582 2997 Boeeklr.
607 2933 642 2996 0.
663 2954 689 2997 e.
711 2933 736 3012 l,
757 2932 827 3007 8⁵.)
848 2933 944 2997 litteris
963 2934 1041 2999 mitti.
1064 2935 1226 3016 Splendidis
1246 2936 1343 2999 vorbis

291 3018 396 3080 semine
422 3016 547 3099 depinxit
574 3018 686 3099 ontuio,
712 3028 744 3082 nt
772 3019 820 3100 qui
847 3020 985 3082 affuerunt
1012 3020 1145 3085 laerimas
1173 3021 1345 3086 effunderent

294 3103 337 3185 (ᾗ.
358 3098 443 3182 18.);
465 3104 514 3165 sed
531 3102 665 3184 Diogiton
687 3104 714 3165 in
737 3104 861 3186 nequitia
877 3107 1063 3190 perseverarit
1083 3118 1166 3190 atque
1186 3106 1226 3170 liti
1247 3107 1344 3190 inpli-

294 3187 352 3249 cari
382 3208 466 3269 qnam
488 3189 641 3270 pecuniata
667 3192 783 3252 radens
811 3189 908 3252 naluit
934 3191 976 3274 (§.
998 3191 1058 3273 2.);
1087 3193 1344 3275 deniqne'qeiden

294 3273 338 3357 (§.
364 3271 429 3350 28.)
455 3274 605 3338 Diodotum
636 3288 743 3355 septem
769 3273 874 3337 talenta
903 3284 931 3338 et
951 3278 1137 3360 quadraginta
1163 3279 1254 3342 mines
1274 3278 1348 3342 reli-

294 3360 390 3442 quisse
418 3362 566 3441 noncessit,
591 3381 710 3443 qnorum
737 3380 805 3425 rere
833 3382 888 3423 nou
916 3362 969 3426 nisi
1000 3362 1216 3445 uigintiuiros
1243 3378 1271 3427 et
1293 3364 1346 3427 tri·

295 3446 375 3524 pinta
406 3455 527 3510 stateras
564 3445 608 3529 (§.
645 3443 693 3525 9.)
727 3465 886 3527 superesse.
909 3483 949 3497 -
971 3448 1063 3516 Litem
1090 3449 1180 3511 titisse
1199 3446 1346 3535 ’γραφὴν

246 3545 250 3552 ’
296 3526 475 3615 ἐπιτροπῆς
505 3531 665 3594 Bouuituius
692 3530 729 3597 ll.
759 3531 804 3594 ct.
834 3531 890 3612 (0.·
915 3554 942 3596 n.
971 3531 997 3608 Ι,
1024 3533 1124 3619 380.)
1154 3537 1260 3616 statuit,
1293 3538 1345 3599 sed

181 3615 187 3624 ⁴
281 3614 438 3698 ’Hellternp
458 3615 633 3701 (Gertchnv.
663 3637 692 3700 p.
718 3616 808 3695 251.)
828 3630 856 3680 et
876 3618 1001 3682 Meiertte
1020 3618 1117 3705 (Peos.
1134 3641 1163 3703 p.
1184 3621 1273 3701 293.)
1293 3614 1347 3685 δι’·

296 3697 556 3785 sputamentis
577 3709 649 3765 reete
671 3701 738 3764 mitri
760 3704 886 3766 videntur
905 3704 1091 3775 intellexisse.
1130 3702 1251 3793 Γραφῆ
1272 3709 1347 3771 eninr

297 3783 475 3872 ἐπιτροπῆς
495 3798 551 3849 tunt
580 3790 690 3851 denutm
718 3789 806 3870 potuit
826 3790 941 3873 institui,
971 3791 997 3854 si
1015 3790 1096 3855 liberi
1124 3815 1179 3855 nen
1201 3806 1282 3857 erant
1302 3794 1348 3862 sui

293 3874 377 3957 juris,
398 3878 448 3936 sud
470 3894 507 3938 ex
527 3872 639 3937 Diodoti
659 3873 756 3938 liberie
778 3897 849 3939 unns
865 3877 926 3959 jour
947 3876 975 3937 in
1007 3898 1090 3946 soant
1110 3880 1225 3942 tutelam
1245 3901 1350 3961 porre-

196 3955 205 3964 “
296 3970 385 4024 norst.
433 3957 579 4021 Suionum
604 3961 717 4042 quidem
738 3961 907 4042 opericulum,
923 3954 1023 4042 (τοὺς
1054 3955 1212 4047 ἐσχάτους
1238 3959 1353 4031 κινδύ-

298 4060 374 4118 νοος
394 4042 438 4126 (ξ.
459 4039 506 4125 2.)
528 4043 671 4144 Dispitoni
693 4047 835 4116 imminere
860 4049 1041 4127 adorldieit:
1071 4066 1101 4113 at
1121 4052 1151 4113 iu
1173 4051 1283 4117 notione
1304 4065 1353 4116 tn-
