2892 4684
217 374 225 401 .,
289 318 340 393 tr

296 498 430 586 proelium
457 495 624 567 Plataeedro
648 496 776 578 agitem
802 491 877 557 laleu
898 503 1001 561 narret.
1044 493 1148 561 aneo
1169 492 1257 571 ahur
1275 510 1350 569 nun

296 589 428 657 ardentm
447 605 532 666 agam
545 587 627 646 'hono
646 579 818 665 epitaphium
838 580 958 662 aLynta
977 579 1150 662 abjudicans.
1171 579 1350 661 Recte-qui-

297 677 360 736 dem
379 672 504 741 Joauuea
523 668 649 735 Sieiliota
670 664 784 744 tsehol.
806 663 904 731 Herm.
925 666 1054 730 adlorm.
1076 666 1117 732 Τ.
1130 664 1192 743 vt,
1214 688 1244 746 p.
1266 664 1349 739 292.

299 753 367 837 W.)
395 776 460 819 enm
486 753 699 817 Demostheniro
720 750 843 815 alliruret
870 751 958 813 multo
991 771 1057 815 ease
1075 752 1266 833 superiorem,
1294 753 1351 813 eod
1430 815 1431 844 p

297 841 463 924 Lyeieenur
484 859 548 902 eene
560 839 704 919 iudignum
723 849 823 905 oootra
842 835 1068 900 omuiareteruur
1078 837 1234 899 testimonia
1254 835 1352 905 οτοᾱὶ·
1430 855 1431 864 ’

298 926 396 990 derint.
445 924 582 987 Fortasse
610 922 772 1002 auspiceris,
799 921 976 984 Aristotelem
1005 941 1059 982 non
1081 925 1154 981 huno
1173 919 1350 1000 epitaphium

299 1007 471 1088 siguificare,
491 1010 563 1088 quod
584 1009 619 1069 de
639 1007 707 1070 uiris
728 1005 757 1066 in
777 1002 885 1084 proelio
906 1003 1060 1067 Salaminio
1082 1005 1174 1068 eaesis
1195 1004 1348 1085 loquatur-3

300 1095 352 1161 aed
378 1095 446 1176 qnia
472 1091 616 1154 articulum
645 1088 692 1176 τῷ
716 1090 821 1151 addidit
847 1110 936 1170 eaque
962 1091 1026 1170 ipsa
1055 1090 1142 1155 rerha
1170 1089 1286 1153 laudaut
1308 1096 1363 1165 ea*

299 1176 407 1261 Lyaiae
433 1177 497 1259 epit.
524 1176 621 1242 Sohul.
650 1177 755 1240 Aesrh.
784 1181 812 1236 et
837 1173 943 1239 Aneod.
965 1175 1055 1240 Beth.
1080 1176 1099 1241 Ι.
1122 1175 1142 1240 Ι.
1168 1174 1349 1239 Aristotelem

299 1264 456 1329 memoriter
483 1262 595 1340 nitense,
643 1261 860 1323 Weetennanuo
882 1261 1042 1331 ooneedam.
1085 1261 1143 1324 Sed
1166 1262 1218 1323 hoo
1244 1280 1348 1341 parum

297 1349 392 1413 refert.
415 1349 504 1410 Erant
525 1348 571 1427 qni
591 1345 809 1423 *oonelaunarent
831 1346 982 1408 lsoerate'm
995 1347 1023 1408 iu
1037 1346 1241 1428 Panegyricum
1263 1366 1347 1411 sunm

297 1455 337 1499 ex
359 1433 464 1514 Lyside
484 1432 673 1516 Epitaphioet
684 1431 810 1512 Gorgiae
826 1430 992 1514 Olympiaca
1012 1431 1068 1514 (el.
1082 1433 1216 1514 Spengel.
1229 1448 1346 1512 ουναγ.

298 1542 330 1603 p.
351 1517 404 1603 66.
430 1518 519 1583 Fons.
540 1520 575 1581 de
596 1518 688 1599 Gorg.
709 1539 741 1601 p.
773 1515 842 1598 63.)
863 1520 952 1580 multa
972 1537 1037 1581 ense
1055 1518 1176 1583 loretum
1198 1519 1249 1596 (el.
1271 1519 1347 1580 Plut.

296 1608 348 1673 rit.
368 1606 469 1686 leuen,
489 1604 620 1672 Philostr.
649 1604 702 1669 rit.
731 1605 814 1682 soph.
835 1602 858 1665 l.
881 1603 935 1669 17.
957 1603 1069 1669 Theou.
1091 1602 1117 1667 Ι.
1139 1601 1228 1681 18.),
1250 1612 1348 1673 couno

298 1711 382 1772 quam
402 1690 608 1754 accusationem
624 1686 778 1751 Inueratem
801 1696 875 1749 reete
894 1686 1015 1750 tetendit
1034 1690 1152 1752 Plotius
1171 1687 1265 1769 (nihl,
1279 1690 1347 1754 nod.

287 1773 397 1858 auh).
439 1774 575 1856 Equidem
607 1774 702 1854 potina
734 1772 904 1851 crediderim,
932 1776 1075 1837 utmorem
1102 1773 1236 1857 epitaphii
1258 1775 1348 1839 nostri

297 1861 385 1923 molta
405 1879 443 1923 ex
462 1860 549 1923 leocr.
571 1859 713 1941 Panegyr.
735 1858 766 1918 in
785 1878 866 1920 naum
885 1878 967 1921 auum
979 1860 1151 1923 conuertisse
1171 1860 1221 1941 (oi.
1241 1858 1346 1931 Piund.

287 1948 333 2015 ‚de
353 1944 445 2009 Ieoer.
467 1967 498 2028 p.
521 1942 575 2010 19.
604 1944 712 2026 Sanpp.
740 1943 768 2005 in
796 1946 876 2008 Artt.
898 1945 994 2026 Antiq.
1015 1945 1175 2011 Darmetud.
1197 1943 1290 2010 183⁵.
1315 1967 1349 2029 p.

298 2028 406 2112 toa).
450 2030 483 2092 ln
504 2029 623 2113 singulis
645 2029 756 2113 quidem
775 2029 920 2092 vooehulia
941 2033 994 2093 hoo
1014 2031 1155 2094 illustrare
1174 2042 1218 2095 est
1237 2031 1350 2093 diffieil-

297 2117 412 2199 limuuu3
440 2115 467 2180 ei
494 2136 560 2180 reno
581 2117 694 2179 fabulae
713 2117 850 2197 mythicen
869 2115 1042 2199 respicimur,
1070 2119 1107 2180 ah
1129 2115 1257 2181 Ieoorate
1284 2122 1350 2183 hre-

297 2203 376 2269 *tiore
402 2212 429 2266 et
455 2202 626 2275 aeouratior'e
652 2203 810 2266 narratione
843 2211 977 2266 tractatas
1006 2222 1055 2266 eae
1076 2223 1140 2266 ease
1159 2205 1297 2281 ridemus,
1319 2211 1350 2265 ut

299 2299 397 2352 unctor
417 2288 551 2372 epitaphii
573 2310 609 2350 ox
630 2287 764 2353 laureatis
784 2287 882 2351 anhela
902 2288 1041 2371 prodiisse
1061 2288 1199 2370 simulque
1221 2289 1349 2370 philoan-

297 2375 396 2457 phiens
417 2396 509 2437 morea
528 2383 668 2438 ostentare
688 2375 756 2436 mihi
778 2374 918 2453 rideatur3
945 2373 1032 2438 ueluti
1052 2395 1088 2437 ea
1108 2396 1181 2457 quae
1203 2375 1230 2459 fi.
1251 2374 1282 2438 9.
1304 2374 1349 2438 Ιο-

297 2471 411 2540 guntur,
432 2452 514 2544 ὑπὲρ
540 2462 601 2542 μὲν
621 2456 704 2533 τῶν,
729 2450 788 2519 dnn
810 2459 926 2540 μηκέτι
945 2479 975 2524 κ.
1006 2478 1036 2525 τ.
1063 2457 1095 2526 λ.
1124 2461 1349 2544 philosophicam

298 2549 426 2624 umbram
447 2545 587 2622 redolent3
608 2555 667 2605 tum
688 2547 775 2606 verhn
796 2543 823 2625 §.
846 2545 910 2621 10„
932 2545 1034 2626 quihus
1054 2543 1089 2608 ol
1109 2546 1217 2631 νεκροὶ
1238 2567 1346 2610 noran·

298 2641 344 2692 tur
364 2625 478 2710 ἆθλος
501 2627 530 2709 §a
554 2625 613 2692 142
635 2622 717 2713 ὑπὲρ
738 2621 864 2699 τούτων
884 2621 1084 2714 ἀμφοτέρων
1102 2626 1346 2712 ἀποθνήσκειν,

297 2735 375 2777 mors
406 2735 458 2797 pro
488 2713 617 2777 libertate
644 2724 673 2777 et
698 2714 818 2797 justitia,
849 2719 960 2778 dathus
993 2717 1153 2782 notionibus
1185 2722 1347 2796 abstractis,

178 2838 180 2845 ,
298 2801 417 2881 vulgare
444 2800 545 2861 dietnrn
579 2798 819 2882 philosophicum
853 2800 881 2885 ᾗ
911 2800 972 2867 15:
1006 2798 1117 2886 ψυχὰς
1148 2800 1347 2890 ἐλευθεροῦν

291 2907 364 2967 opp.
398 2907 447 2951 vr.
475 2878 617 2968 σώματα
644 2877 691 2959 εἰς
718 2878 836 2948 ἄδειαν
863 2885 1090 2972 uenenarium
1126 2892 1238 2953 omnino
1268 2891 1346 2955 roeie

297 2961 390 3054 ψυχή
418 2972 628 3035 emantieaimua
654 2982 699 3036 eut
723 2974 844 3055 scriptor
868 2974 1008 3056 variisque
1028 2976 1283 3058 significationibus
1309 2997 1346 3041 en
1429 2986 1430 3015 l

298 3057 395 3120 utitur.
435 3056 567 3121 Isocratis
588 3067 680 3122 autern
700 3074 771 3121 enm·
784 3058 949 3142 dieeipnlunr
965 3061 1012 3123 rel
1031 3063 1197 3125 imitatorem
1210 3083 1274 3126 ease
1292 3083 1347 3143 ap-

296 3154 378 3223 paret
404 3161 468 3206 oum
496 3163 534 3206 ox
560 3146 653 3206 studio
679 3145 871 3223 antithesim,
900 3166 972 3228 quas
997 3148 1078 3228 ipsae
1104 3148 1201 3211 rudius
1220 3148 1347 3215 adhibuit

296 3225 350 3308 (oi.
378 3226 476 3305 etiam
491 3228 653 3310 Bernhardy
679 3230 764 3312 Synt.
785 3230 837 3297 Gr.
860 3253 888 3313 p.
914 3230 1013 3313 ulo),
1035 3244 1064 3296 et
1083 3254 1120 3295 ex
1140 3234 1294 3297 imitatione
1315 3235 1345 3295 in

296 3312 414 3379 historia
434 3316 589 3394 tractanda,
611 3316 659 3377 nhi
680 3315 827 3387 latioreat
845 3316 970 3379 Isocrate
992 3317 1044 3399 (ol
1066 3316 1114 3402 ἕξ.
1136 3319 1168 3397 5,
1190 3321 1243 3399 31,
1265 3317 1345 3399 38),

205 3423 208 3429 ·
295 3407 354 3462 tum
381 3420 418 3462 ex
446 3400 589 3463 nonnullis
619 3401 698 3481 loeis,
728 3403 830 3483 quihus
858 3402 1045 3483 eloquentiam
1072 3405 1156 3466 simili
1182 3405 1243 3468 sere
1262 3407 1346 3469 modo

315 3506 352 3547 uo
383 3486 523 3550 laueraten
551 3485 655 3565 laudat,
686 3487 722 3549 ei.
756 3486 784 3569 §.
813 3485 865 3550 19.
894 3488 955 3550 lin..
984 3490 1033 3552 uhi
1064 3482 1165 3570 λόγον
1185 3495 1345 3574 praedieat3

317 3619 323 3635 .
345 3566 397 3636 42
420 3565 625 3635 ἱκανώτατον
643 3561 761 3652 εἰπεῖνς
784 3571 812 3655 §.
833 3572 893 3637 53:
914 3565 1016 3637 πάλιν
1034 3570 1259 3644 ἐπαιδεύοντο.
1288 3578 1346 3644 fla

294 3660 468 3735 &pumentia
489 3659 517 3720 id
538 3659 661 3722 lentaeue
681 3661 785 3720 addere
807 3657 878 3735 lieet,
900 3662 973 3741 quod
995 3664 1069 3743 apud
1084 3663 1260 3726 Aristotelem
1282 3665 1344 3727 Ιοοο

295 3739 409 3803 laudato
425 3744 555 3822 proxime
568 3744 721 3808 auteoedit:
741 3739 799 3804 καὶ
811 3735 1005 3828 Ἰσοκράτης
1027 3742 1109 3833 πρὸς
1124 3744 1201 3824 τοὺς
1209 3748 1345 3836 συντρέ·

291 3843 414 3908 κοντας
428 3824 465 3889 ἐν
477 3830 551 3903 τοῖς
560 3822 792 3915 πανηγύρεσιν.
816 3829 889 3908 Quia
903 3851 970 3894 reno
990 3833 1123 3915 epitaphii
1137 3838 1225 3899 noatri
1245 3846 1346 3901 auetm

295 3915 342 3987 eit,
362 3913 434 3975 hane
454 3915 644 3996 qnaeetiouem
670 3917 699 3977 iu
726 3915 810 3978 dubio
837 3917 998 4000 relinquam.
1048 3922 1184 4003 Antiquue
1211 3932 1286 3984 uerte
1301 3933 1346 3986 eat

294 3998 452 4079 epitaphion
480 4012 508 4065 et
537 4002 661 4084 antiqno,
689 4011 719 4063 ut
753 4002 873 4082 ridetur,
909 4011 1032 4085 tempore
1060 4004 1166 4089 Lysiae
1197 4009 1348 4091 auhditue;

294 4083 484 4149 Aristoteliam
501 4086 561 4171 jour
581 4095 673 4153 eruto
691 4087 799 4170 apin·
814 4088 989 4171 adjudiratur
1010 4089 1102 4173 luerit,
1124 4092 1259 4157 inuentum
1282 4106 1327 4159 en
