2892 4684
1165 259 1213 334 15

141 446 144 452 ’
166 440 385 524 shhntiphonta
394 439 618 516 odoaumesse3
637 437 711 521 qnod
731 437 757 500 si
775 457 872 501 rernm
893 449 977 516 esset,
996 438 1213 525 Lyslaeprins·

166 549 250 611 quarn
276 526 472 607 commigraret
501 522 628 586 'surdoe
655 522 822 605 eontigisset
852 544 968 587 neoesse
1001 539 1096 609 esset3
1131 526 1213 597 rediit

165 617 241 677 enirn
271 615 396 675 Athenas
423 631 459 672 eo
487 612 598 671 demum
625 627 714 683 anno,
740 629 801 691 ‘qun
827 608 967 691 Antiphon
998 620 1123 676 mortuns
1157 627 1212 685 est.

164 700 224 763 Sed
246 698 301 761 ista
328 698 467 760 sententia
493 694 559 757 nihil
586 693 830 760 uerisimilitudinis
856 717 925 780 prae
945 717 979 759 se
998 697 1051 759 lert
1071 706 1155 782 atque
1173 721 1212 765 ex

166 784 356 868 praejudicata
381 786 417 845 de
441 781 583 866 prooemio
610 779 765 846 Menexeni
792 782 931 871 Platonici
959 782 1088 867 opinione
1113 796 1213 851 οτοτίο

165 883 210 934 est
223 870 262 945 ¹).

248 952 373 1018 Socratis
393 951 566 1015 sermonibus
586 949 621 1012 de
638 949 729 1033 justo,
750 973 821 1034 qnos
842 951 926 1017 Plato
952 951 1040 1015 literis
1070 952 1213 1041 mandarit

164 1038 243 1103 titulo
265 1037 341 1123 napi
360 1031 537 1131 ττολττεὶας,
558 1037 665 1119 Lysias
684 1037 794 1120 quidem
815 1041 920 1118 aderat,
942 1042 991 1102 sed
1012 1038 1043 1101 in
1070 1051 1128 1103 toto
1148 1042 1213 1105 dia·

161 1126 231 1206 lugu
252 1116 394 1187 mnta'ast
415 1144 542 1204 persona.
587 1121 677 1205 Cujus
697 1123 740 1185 rei
766 1146 881 1188 cansam
908 1125 1062 1190 Gronau.
1086 1126 1214 1190 Prinste-

164 1232 210 1274 rer
222 1211 250 1292 ²)
270 1211 299 1272 in
320 1231 354 1271 en
375 1212 461 1290 punit,
481 1209 555 1290 qnod
577 1207 660 1270 Plato
688 1230 752 1271 enm
776 1211 942 1294 judiearerit
967 1231 1052 1275 veros
1079 1213 1215 1294 eloquen-

164 1299 222 1359 tiae
245 1297 337 1358 loures
364 1316 419 1356 nnn
447 1296 561 1357 adiisse.
602 1293 683 1356 llaee
710 1315 780 1357 vero
806 1299 945 1359 sententia
974 1298 1163 1378 quaestionem
1181 1300 1212 1361 in

164 1382 270 1445 incerto
291 1380 431 1460 relinquit.
472 1383 498 1441 A
526 1378 651 1439 Platone.
672 1377 745 1440 enim
769 1381 874 1462 jurene
902 1381 1059 1444 Phaedrum
1086 1384 1213 1446 eonsnri-

165 1478 244 1551 ptum
265 1487 330 1529 esse
350 1466 422 1526 iuter
442 1482 539 1526 omnes
560 1473 684 1540 ernustat3
709 1464 738 1524 in
760 1467 813 1527 hou
834 1487 901 1528 vero
922 1465 1036 1545 dialogo
1057 1488 1213 1549 sermonem

166 1554 213 1635 qni
223 1553 330 1635 Lysiae
346 1550 475 1612 tribuitur
484 1549 565 1612 Plato
585 1549 857 1630 propterdirtionem
877 1552 1039 1631 aggredi-tur
1059 1553 1110 1627 (ad
1132 1576 1213 1635 quem

22 1724 28 1733 Ι
151 1639 258 1701 Ἰοσοιο
278 1638 391 1718 respicit
410 1637 495 1716 Diog.
526 1635 623 1697 Laert.
642 1633 695 1697 lll.
716 1634 780 1699 2⁵:
806 1628 938 1698 ἀντεῖπε
964 1630 1047 1721 πρὸς
1075 1633 1136 1702 τὸν
1155 1633 1214 1703 td.

167 1742 228 1805 you
248 1721 429 1806 ἐκθέμενος
447 1713 552 1784 αὐτὸν
571 1714 658 1801 κατὰ
676 1716 777 1800 λέξιν)
799 1734 828 1784 et
848 1743 960 1785 ornnem
988 1724 1103 1788 scholae
1129 1718 1214 1788 Sira*-

166 1810 213 1871 lae
237 1809 421 1891 eloquentiam
448 1806 634 1888 reprehendit.
680 1805 804 1868 Ilintioni
831 1817 923 1870 antem
949 1808 1093 1893 Lysiacae
1121 1812 1214 1877 simil-
1254 1872 1256 1875 ,

164 1895 234 1957 lima
255 1907 316 1957 erat
336 1892 563 1975 'l'hrasymaehi3
588 1912 643 1953 non
665 1892 739 1953 eninr
760 1891 851 1955 sulum
873 1893 968 1958 verbis
992 1895 1094 1959 solutis
1114 1887 1215 1960 nonis·
1319 1948 1321 1951 .

165 2002 215 2044 ros
234 1981 399 2062 adjunxisse
419 1978 518 2039 diriter
538 1975 613 2056 (cio.
635 1976 712 2041 Brut.
735 1976 815 2058 52),
841 1983 890 2041 sed
911 1979 995 2042 etiarn
1014 1979 1092 2044 illam
1113 1983 1215 2046 diutiu-

166 2088 231 2129 nem
251 2087 324 2148 qnae
351 2077 429 2126 arete
453 2063 604 2125 sententias
631 2065 767 2126 ennhahit
795 2072 824 2127 et
851 2066 970 2126 rntnnde
994 2066 1074 2129 effert
1094 2060 1132 2147 (ἡ
1153 2087 1214 2132 συ.

166 2149 358 2235 στρέφουσα
391 2140 434 2210 τοὶ
461 2138 674 2227 διανοήματα
702 2147 762 2211 καὶ
791 2140 998 2234 στρογγύλως
1027 2148 1216 2236 ἐκφέρουσα,

165 2235 266 2316 λέξις)
287 2245 377 2296 unum
398 2234 631 2313 Thrasymachus
650 2253 686 2295 an
706 2232 813 2316 Lysias
840 2236 994 2299 invenisset
1016 2237 1079 2320 jam
1103 2239 1215 2323 Diony.
1342 2260 1347 2275 r

167 2326 228 2386 sius
248 2321 317 2383 Hal.
331 2320 359 2402 3)
379 2317 531 2396 dubitarit,
560 2317 600 2380 ita
619 2326 650 2379 ut
676 2321 819 2402 utriusque
845 2321 994 2384 orationem
1022 2326 1075 2385 hau
1103 2326 1214 2407 quidem

18 2440 19 2447 ο
73 2429 80 2439 ’
165 2409 248 2472 inre
275 2426 331 2468 non
360 2403 486 2487 potuisse
515 2402 649 2484 distingui
676 2419 820 2486 mquatnr.
862 2406 1094 2489 Thrasymachus
1120 2422 1213 2475 autem

93 2543 97 2549 .
163 2513 281 2583 grauem
300 2510 371 2555 sane
392 2509 543 2571 pomonam
562 2489 624 2570 agit
643 2490 672 2552 in
691 2491 764 2555 lihro
783 2490 929 2555 Pletonien
950 2490 1028 2578 περὶ
1046 2489 1214 2579 πολιτείας

164 2593 249 2662 atque
275 2576 407 2641 orationis
434 2595 504 2637 snae
537 2595 628 2656 genus
660 2579 734 2659 qnod
765 2579 848 2640 modo
875 2579 1033 2659 significari
1065 2582 1213 2663 expromit.

165 2667 259 2744 Quam
280 2666 316 2728 oh
337 2683 397 2725 rem
419 2661 485 2723 nihil
507 2681 626 2724 caussae
645 2682 683 2724 ex
703 2683 761 2744 qua
781 2664 885 2743 Lysias
905 2663 973 2726 nihil
994 2664 1164 2747 nullnqnatnr
1184 2667 1214 2729 in

164 2753 227 2835 ejus
247 2750 365 2813 dictione
385 2745 536 2829 posuerim,
558 2749 608 2808 sed
630 2768 692 2809 rum
707 2747 893 2811 Stallhanmio
914 2751 943 2810 in
961 2751 1114 2833 juventute.
1155 2753 1214 2816 Sed
1311 2812 1316 2819 .

165 2840 220 2900 han
252 2837 318 2918 ipsa
350 2833 517 2916 quaestione
550 2835 587 2894 ad
617 2832 703 2894 aliam
735 2836 877 2904 adduntns
903 2854 968 2897 esse
1001 2836 1068 2901 mihi
1104 2836 1236 2915 rideors

124 2988 128 2995 ,
165 2943 268 3072 ἓοτσρο
287 2924 323 2985 ad
345 2940 418 2996 eam,
442 2938 502 3065 {aa
522 2926 646 3019 tempore
671 2915 754 3019 illato
775 2920 827 3066 ¹:⁰2⁸
846 2939 990 2999 sermones
1019 2920 1131 2987 hahitus'
1148 2943 1214 3025 esse

108 3068 114 3078 ’
167 3007 800 3174 rldt'hdttrltt⁰¹30ltl..tdl;„.tt
823 3016 1100 3173 {tlhdltlt
1119 3030 1212 3159 iffi}
1260 3127 1271 3151 s

164 3182 290 3263 judieare
316 3196 352 3238 an
378 3171 567 3255 Corsinnm4)
595 3173 701 3253 fateor,
731 3186 824 3238 tamen
851 3198 923 3259 quae
950 3177 1027 3241 illius
1059 3180 1213 3245 sententiat

166 3271 341 3347 opponuntur
360 3264 516 3341 expendere
531 3259 624 3342 juvat.
666 3260 768 3343 Itaque
788 3262 841 3323 hoc
861 3263 1024 3343 episndium,
1046 3268 1121 3346 qnod
1140 3260 1213 3345 nerto

164 3352 272 3428 Lysiae
292 3349 377 3412 eitam
399 3345 518 3447 attingit,
540 3345 708 3426 superfluum
727 3346 816 3409 rideri
838 3348 932 3410 nolim.
974 3348 1117 3430 Cephalus
1137 3353 1213 3432 apud

164 3437 308 3500 Platonem
330 3441 421 3495 aetate
453 3452 499 3493 arn
520 3440 668 3510 provectus
689 3452 765 3511 esse,
786 3433 893 3513 Lysias
916 3453 980 3495 reru
1001 3437 1075 3515 apud
1095 3432 1213 3498 Plutar-

166 3525 246 3585 chum
275 3520 320 3584 0l.
345 3514 404 3595 84,
433 3453 465 3581 i.
509 3517 635 3582 Thurios
662 3517 767 3580 ahiisse
795 3518 904 3581 diriter.
944 3519 1051 3601 Lysias
1075 3521 1214 3583 sermoni.

165 3610 221 3672 hus
241 3610 322 3674 adest
340 3616 425 3686 atque
445 3600 614 3683 quinetiam
643 3602 835 3684 Euthydemus
861 3604 948 3668 frater
972 3604 1063 3673 minor
1081 3620 1161 3692 natu,
1183 3602 1213 3671 ιη’

163 3748 359 3771 μ

200 3847 229 3912 ¹)
246 3844 283 3903 sl.
303 3844 438 3913 Krneger.
456 3838 492 3895 de
509 3836 639 3913 Thucyd.
658 3842 706 3897 vit.
723 3859 755 3914 p.
774 3839 819 3897 37.

199 3916 230 4043 ἶ))
246 3933 366 4053 ilioiiyi.
382 3912 496 4052 iniisti:
512 3909 693 4055 disperget
712 3995 808 4049 τοῖον.
824 3995 855 4052 p.
871 3974 916 4039 94.

199 4052 224 4120 ⁴)
239 4054 277 4119 ef.
294 4053 328 4110 Α.
348 4051 428 4121 1513,
445 4050 490 4123 24.
