2892 4684
312 304 367 401 na„

308 485 454 574 πρέπον)
480 482 592 547 adhibet
619 479 725 573 Lysias
741 477 781 563 ¹).
830 480 990 543 Secundum
1018 492 1114 564 partes
1142 502 1258 565 quoqne
1280 466 1378 550 oratio

316 586 359 639 est
379 576 507 648 divorsa,
535 571 573 632 ab
593 568 672 632 initio
692 567 766 628 enim
788 577 923 629 constans
944 580 972 629 et
992 578 1101 631 morata
1124 566 1373 648 (καθεστηκυῖα

317 659 375 725 καὶ
396 650 535 737 ἠθική),
561 655 590 717 in
613 654 769 716 narratione
789 652 969 734 persuasoria
996 674 1084 736 rreqoe
1109 654 1246 737 exquisita
1275 650 1373 737 (ἀπε.

299 744 466 834 ’ριῖεργος),
488 740 725 804 demonstratione
745 742 874 816 rotunda,
896 759 1044 801 numerosa
1065 748 1260 823 atqueargnte
1272 736 1373 808 brevis

318 821 515 917 (στρογγύλη
536 824 594 888 καὶ
615 817 732 902 πυκνή.
777 822 814 888 cf.
836 824 895 890 Cic.
918 825 997 890 Brut.
1017 824 1075 908 9.),
1096 829 1275 908 peroratione
1296 851 1374 912 gra-

100 982 103 990 ,
223 992 226 1003 ,
318 922 363 983 ris
377 933 405 981 et
428 934 494 979 reru
513 906 632 997 (σεμνὴ
654 909 713 975 καὶ
734 901 912 993 ἀληθινή),
933 911 962 973 in
985 911 1038 975 line
1059 911 1196 976 dissoluta
1212 924 1239 976 et
1255 915 1374 982 concisa

117 996 119 1003 ’
174 1058 179 1068 ,
277 1018 284 1021 ’
319 997 551 1092 (διαλελυμένη
572 997 630 1062 καὶ
650 990 838 1080 σύντομος).

402 1102 594 1169 Pulcherrima
614 1112 652 1181 et
670 1122 754 1185 qoam
781 1101 965 1182 posteriorum
1000 1117 1080 1161 ccmo
1109 1097 1251 1180 superarit
1281 1099 1389 1189 virtusx

319 1190 377 1255 stili
399 1187 516 1273 Lysiaei
537 1198 580 1250 est
599 1187 692 1266 pratia
719 1179 839 1270 (χάρις,
853 1178 1046 1269 'enormiora
1074 1185 1160 1247 mbrrs
1180 1206 1221 1248 ex
1241 1188 1373 1252 omnibus

320 1277 509 1350 efflorescens,
535 1272 658 1336 maxime
679 1273 868 1351 admirabilis,
901 1293 974 1355 qnae
999 1270 1095 1334 verbis
1125 1271 1241 1351 exprimi
1268 1273 1390 1357 nequit,

321 1383 392 1446 qrrne
413 1363 441 1424 io
464 1380 580 1442 corpore
599 1347 680 1444 oi'pn,
701 1359 730 1420 in
753 1372 814 1421 arte
834 1359 941 1421 musica
962 1350 1002 1420 τὸ
1022 1348 1237 1440 adaquentur,
1259 1359 1373 1423 intem.

306 1460 420 1532 ‘porum
442 1446 604 1529 symmetria
622 1437 716 1523 τάξις
736 1452 764 1505 et
784 1441 823 1508 τὸ
843 1437 1018 1533 εὔρυθμον
1038 1444 1255 1526 nominatur²);
1283 1467 1373 1528 quae.

304 1534 388 1597 'rrum
410 1554 476 1597 uero
498 1535 569 1595 haee
588 1531 644 1609 sit,
671 1540 766 1594 mente
786 1532 905 1614 quidem,
930 1553 983 1592 noo
1006 1529 1121 1590 dicendo
1143 1529 1246 1612 percipi
1267 1543 1369 1614 potest.

321 1619 417 1699 Quare
437 1618 591 1701 Dionysius
612 1616 651 1678 uti
672 1616 774 1679 mnsiei
793 1615 963 1698 discipulos,
996 1616 1042 1696 qni
1070 1618 1230 1677 harmonias
1259 1619 1372 1698 rapiant

322 1705 428 1782 andire,
451 1724 486 1766 ne
505 1703 648 1766 minimam
679 1703 788 1784 quidem
817 1704 949 1784 ignorare
976 1702 1178 1764 dissonantiam
1204 1704 1371 1767 adsuescere

317 1789 444 1872 jubeant,
472 1789 510 1851 ita
540 1787 697 1870 quicunqne
726 1787 846 1867 gratiam
877 1786 982 1870 Lysiae
1010 1786 1166 1867 intelligere
1193 1792 1321 1852 strrdennt
1341 1802 1372 1854 ot

323 1877 452 1938 contiuua
472 1873 591 1936 lectione
611 1866 690 1935 illum
708 1892 824 1941 ,sensum
846 1895 900 1956 qrro
921 1883 1069 1937 venustum
1090 1894 1125 1936 ae
1145 1874 1270 1955 pulcrum
1302 1898 1370 1960 per.

321 1956 723 2043 cipiatnr‚suadetexerceaot.
745 1959 851 2021 Mirum
865 1962 892 2020 iu
908 1962 1019 2021 modrnu
1036 1961 1105 2021 haec
1124 1969 1281 2041 reonstasa
1294 1972 1370 2025 rete-
1388 1948 1397 1969 ¹

308 2046 400 2109 'morus
421 2046 565 2126 laudatum
585 2048 621 2106 ad
643 2064 705 2106 eam
722 2047 867 2126 pulchram
879 2043 956 2107 illam
970 2045 1096 2107 dictionis
1109 2045 1249 2127 Lysiacae
1264 2050 1372 2110 deseri-

320 2132 441 2215 ptionem
470 2152 552 2216 quarn
574 2130 728 2215 Dionysius
754 2131 783 2193 io
814 2132 907 2193 libello
928 2134 962 2192 de
982 2131 1115 2191 Demosth
1159 2133 1213 2195 dic.
1235 2133 1262 2194 vi
1286 2134 1315 2217 ξ.
1334 2134 1369 2203 2,

321 2219 480 2296 delineavit,
501 2215 657 2296 retulerim,
683 2236 740 2299 qna
768 2217 950 2281 elocutionem
979 2216 1190 2303 Thupydideam
1206 2238 1279 2281 ,cnm
1303 2223 1370 2299 imo,

284 2336 287 2340 ·
320 2304 475 2388 laysiacum
501 2323 564 2366 cnm
592 2323 702 2366 summo
731 2324 802 2367 sono
824 2325 860 2366 ex
889 2315 951 2366 octo
979 2323 1079 2364 ronam
1110 2303 1183 2365 serie
1209 2317 1369 2390 comparat,

320 2391 401 2453 sicuti
421 2391 473 2454 illa
494 2389 617 2453 animum
638 2386 775 2471 percellit,
801 2389 842 2452 ito
864 2391 932 2452 hace
952 2388 1099 2449 demulcet.
1146 2387 1369 2469 venustissimus
1429 2389 1434 2423 ¹

318 2477 426 2556 Lysias
457 2477 579 2555 scriptor
607 2487 723 2537 roratur
744 2495 763 2537 a
784 2474 919 2538 Cicerone
939 2482 966 2535 et
990 2473 1127 2556 Dionysio
1140 2473 1186 2553 3);
1219 2478 1367 2558 quinetiam

318 2560 473 2643 Dionysius
496 2558 617 2622 aitirmet
636 2561 672 2620 ad
695 2558 805 2622 ouieam
826 2562 900 2622 hanc
919 2560 1046 2623 virtutem
1076 2569 1208 2641 tanquam
1237 2563 1367 2630 iodicium
1432 2586 1433 2627 ι

318 2645 446 2708 ultimum
475 2644 501 2705 si
530 2645 565 2705 ‹le
593 2644 749 2706 orationum
785 2646 925 2725 genuitate
953 2644 1119 2726 disceptetur
1155 2646 1367 2730 corrlrrgr'eodnm

318 2751 404 2814 esse3
434 2730 586 2793 orationem
607 2729 735 2793 dictionis
756 2731 848 2811 gratia
869 2744 1031 2793 exornatam
1060 2752 1154 2793 rernm
1177 2754 1241 2795 esee
1262 2738 1367 2800 haben·

216 2876 218 2881 .
317 2818 381 2878 dam
410 2837 499 2900 neque
521 2815 635 2878 ulterius
663 2817 813 2899 quidquam
841 2819 1089 2897 considerandnm3
1118 2820 1269 2883 orationem
1298 2844 1366 2889 vern

318 2902 456 2966 surrevitate
476 2902 634 2964 destitutam
657 2905 782 2983 spuriam
804 2924 867 2966 esse
889 2907 1038 2985 putandam
1058 2922 1144 2983 neque
1169 2925 1282 2970 sensnm
1306 2909 1367 2973 rio.

315 2988 405 3052 leniter
435 2989 463 3049 iu
500 2988 585 3049 aliam
621 2989 779 3070 opinionem
815 2990 995 3070 redigendum
1022 2988 1115 3070 (cys.
1144 2987 1172 3069 ᾗ.
1209 2992 1260 3059 11.
1298 2996 1363 3065 Dio,
1430 3006 1431 3063 l

316 3073 344 3156 ᾗ.
362 3072 420 3153 7.).
463 3072 536 3135 Cum
558 3073 696 3154 permulta
715 3075 773 3142 sint
792 3075 823 3137 in
843 3075 1026 3157 scriptoribus
1040 3072 1158 3136 Graecis
1172 3098 1243 3157 qrrae
1262 3080 1365 3148 Graeci

306 3159 416 3227 ‚onelios
445 3178 528 3241 qnam
558 3179 610 3221 nos
642 3159 748 3222 sentire
783 3171 916 3245 possent,
952 3184 1006 3224 non
1042 3159 1179 3223 immerito
1211 3165 1365 3250 Dionysius
1430 3086 1432 3237 d

315 3240 386 3308 trane
413 3245 504 3327 legem
531 3244 587 3309 siut
616 3244 768 3329 impoenit3
805 3256 837 3310 ot
864 3268 915 3310 nos
944 3267 1010 3310 vero
1038 3267 1075 3309 en
1105 3249 1215 3314 cautius
1237 3270 1365 3320 xutamur

314 3408 514 3423 -·······
1205 3386 1211 3401 “

349 3521 375 3585 ¹)
395 3517 481 3570 Dion.
499 3518 563 3588 Lyn.
583 3521 599 3585 §
628 3516 656 3576 9.
676 3516 719 3576 13.
739 3516 773 3572 de
796 3518 877 3575 [lem.
901 3517 954 3576 dic.
973 3521 998 3575 oi
1015 3527 1042 3590 §.
1059 3522 1105 3583 13.
1128 3524 1260 3581 Phniiucr
1282 3523 1314 3581 cd
1332 3530 1362 3584 do

377 3588 450 3659 neap
467 3593 499 3663 ry}
518 3586 632 3659 περιόδῳ
651 3594 703 3643 coir
720 3589 808 3642 κόλων
826 3587 998 3660 ιῖιάρμοστω.
1425 3621 1430 3650 ι

344 3655 373 3719 ²)
392 3656 481 3710 Dion·
499 3656 567 3728 Lyn.
586 3660 612 3722 5.
633 3658 675 3718 10.
696 3658 739 3713 11.
758 3657 799 3714 13.
836 3659 955 3725 congru.
970 3662 1005 3715 de
1021 3661 1097 3719 subi·
1113 3661 1158 3729 34,
1174 3667 1202 3723 λ.

346 3727 373 3792 ⁸)
390 3724 452 3781 Cin.
470 3743 514 3803 or.¹
530 3728 557 3787 9.
575 3728 741 3796 Dionysinor
761 3722 847 3792 oddaie
862 3736 1027 3804 χαριέστεροι
1052 3736 1167 3789 Λυσίου.
1185 3731 1223 3787 ri.
1240 3730 1274 3785 de
1292 3732 1360 3789 trae

377 3794 438 3860 §.3
468 3795 510 3848 te.
526 3798 571 3857 20.
589 3798 622 3850 de
647 3797 727 3854 diem.
743 3796 798 3853 dic.
822 3799 847 3851 ri
867 3804 892 3863 §.
914 3799 954 3855 13.
979 3811 1043 3858 retr.
1067 3806 1164 3875 script.
1188 3820 1262 3858 cena.
1281 3803 1314 3870 V,
1336 3809 1360 3860 t.
1428 3758 1430 3850 d

375 3866 409 3914 de
427 3865 514 3918 lance.
534 3872 559 3932 ς.
579 3871 620 3921 tt.
641 3869 698 3921 vir.
718 3868 805 3933 leocr,
818 3886 847 3939 p.
864 3870 909 3926 46.
932 3871 959 3923 in
971 3871 1124 3940 Paneped.
1137 3876 1239 3928 Baiter.
1257 3873 1360 3942 Quint.
1427 3876 1428 3885 ’

377 3931 424 3998 1Χ,
441 3932 468 3989 d.
491 3934 531 3986 17.
549 3935 612 4000 xlt,
633 3939 675 4002 l0,
696 3935 740 3991 24.
764 3940 821 3991 Καὶ
838 3939 938 3999 σκόπει.
956 3941 1048 4010 inquit
1069 3944 1233 3999 Plutarchus
1250 3946 1360 4015 deger-

375 4002 427 4059 rnl.
446 4001 485 4065 5.,
504 4004 552 4088 τῂν
569 4009 673 4061 Λυσίου
690 4004 775 4061 πειθὼ
793 4010 838 4063 καλ
850 4007 944 4077 χάριν·
966 4009 1085 4065 κάκεῖνον
1102 4012 1155 4083 γὰρ

528 4075 587 4138 Α’γιλ
606 4086 678 4144 φαμι
694 4077 864 4143 λωιλοιιάμων
881 4076 979 4144 preconio
996 4077 1026 4133 ori
1043 4083 1141 4148 λαχεῖν.
