2892 4684
302 511 405 576 Meier.
432 514 461 575 d.
489 511 518 574 lr.
546 510 576 575 d.
605 530 633 591 p.
663 505 765 586 215n,
792 525 863 591 quus
891 508 945 582 hoc
972 518 1094 592 tempore
1121 500 1240 575 nondum
1261 513 1355 580 team

301 601 458 664 exstirrrtos
479 597 619 671 docemur,
642 595 794 656 orationem
816 603 937 656 nostram
960 598 1063 675 hahuit,
1085 617 1141 677 qna
1162 599 1276 662 crimine
1298 604 1354 663 ho-

301 706 399 748 norum
420 681 617 761 Aristophanis
640 684 836 741 suhrlnctornm
858 701 889 740 se
910 680 1056 742 deleurlere
1074 696 1199 745 conetur.
1243 686 1354 747 Prooe.

301 774 357 834 mio
386 771 481 847 igitur,
509 769 581 848 quod
609 767 768 826 Andociden
796 767 905 827 cuidam
932 767 989 845 (de
1015 781 1097 849 myst.
1121 768 1150 852 ᾗ.
1171 769 1284 834 6-8.
1308 772 1361 838 ui..

300 854 437 942 Spengel.
460 870 576 933 συναγ.
597 873 625 931 p.
648 850 723 915 108.
746 851 845 912 Meier.
869 852 925 913 iud.
950 852 1021 914 lectt.
1045 854 1112 916 Hal.
1136 852 1230 918 1832.
1251 878 1281 936 p.
1302 857 1352 936 6.)

299 943 467 1004 simillimum
493 951 547 1014 est,
575 938 729 1019 praemisso
750 941 784 999 dc
805 936 1018 1016 calarnitatihns,
1052 960 1124 1019 qnae
1145 960 1215 1000 snae
1235 944 1350 1003 Aristu-

297 1029 454 1110 phanisqne
483 1022 625 1106 superstiti
651 1022 775 1084 familiae
802 1022 970 1100 immineant,
1004 1025 1127 1104 queritur
1160 1025 1348 1107 hreritrusqns

297 1114 393 1176 verbis
414 1107 565 1192 patrissui
587 1110 615 1168 iu
638 1108 836 1187 rempublicam
853 1109 950 1169 merita
968 1107 1108 1187 significat
1130 1117 1188 1186 (-—
1209 1108 1237 1192 ξ.
1260 1112 1343 1191 lt).

297 1199 375 1260 Tum
402 1199 436 1256 de
463 1214 590 1256 sororum
608 1214 732 1255 suarum
762 1193 907 1255 connubiis
936 1194 1055 1273 loquitor
1083 1209 1112 1255 ot
1138 1209 1245 1275 patrem
1268 1219 1344 1256 non.

296 1305 379 1366 qnam
408 1282 574 1356 dinitiarum,
606 1282 655 1340 sed
682 1278 764 1361 prolri
791 1278 904 1358 generis
932 1280 1065 1340 rationem
1093 1281 1223 1342 hahuisse
1244 1284 1343 1362 prohat

295 1372 353 1447 (-,
374 1368 402 1453 ξ.
425 1366 488 1446 17.)
510 1378 538 1426 et
559 1363 762 1447 Aristophanes
783 1363 874 1426 affinis
891 1376 993 1447 quanto
1013 1366 1181 1447 reipublicae
1194 1369 1341 1441 eugendus

293 1454 385 1517 stolio
407 1473 494 1534 neque
515 1449 573 1513 srris
596 1471 685 1534 oeque
705 1463 887 1530 cognatorum
914 1450 1039 1530 pecuniis
1067 1453 1219 1532 pepercerit
1239 1453 1341 1534 depin.

292 1540 334 1619 git
355 1540 399 1622 (ξ.
425 1536 508 1600 18·-
527 1534 605 1618 26.).
654 1537 686 1597 lu
715 1557 747 1597 re
774 1534 884 1634 privata
906 1555 967 1597 eum
994 1536 1081 1598 luisse
1101 1536 1263 1620 simplicem,
1286 1540 1339 1601 scd

291 1616 511 1710 τριηραρχίας,
539 1622 686 1698 choregins
708 1631 735 1682 et
754 1611 912 1703 eroqopoic
931 1620 1140 1702 religiosissime
1161 1624 1336 1704 praestitisse

291 1711 343 1794 (cl.
365 1711 488 1771 Boeclrh.
509 1706 546 1772 0.
569 1729 592 1772 c.
614 1707 651 1782 ll,
672 1704 740 1782 59.)
761 1705 920 1786 atqrre'heri
933 1708 981 1768 rix
1002 1729 1094 1788 posse,
1118 1720 1146 1769 ut
1160 1713 1231 1771 iutra
1251 1721 1337 1791 quat·

290 1807 354 1857 tuor
375 1795 416 1857 rel
440 1793 657 1875 quinqueanoos
678 1791 762 1853 tantis
782 1790 881 1853 officiis
896 1792 1016 1855 serratis
1026 1797 1148 1876 majores
1160 1815 1228 1876 opes
1248 1813 1334 1877 quam

289 1881 490 1962 Aristophanes
526 1877 645 1957 colligas
685 1878 746 1954 (—
782 1877 810 1960 ξ.
848 1876 926 1957 30.).
974 1877 1013 1939 Ut
1047 1901 1112 1941 nero
1134 1882 1194 1961 ipse
1214 1882 1258 1943 rel
1281 1901 1334 1943 oo·

288 1970 368 2046 gnati
391 1964 434 2027 soi
457 1964 523 2025 ullril
545 1985 581 2024 err
603 1964 797 2044 Aristophanis
811 1964 898 2025 'honis
925 1963 1072 2043 publicatis
1098 1966 1248 2046 eripuerint
1268 1966 1333 2028 iude

288 2071 425 2134 apparere
446 2052 517 2132 quod
538 2049 654 2131 pecnnia
676 2049 764 2112 multa
781 2060 927 2110 numerata
941 2051 978 2111 sit
996 2060 1108 2131 reperta
1129 2053 1237 2133 ipsique
1253 2057 1332 2132 jure·

284 2139 405 2221 jurando
425 2134 536 2197 firmare
557 2135 647 2216 parati
668 2136 741 2218 sint,
762 2146 867 2212 tantum
889 2137 998 2212 abesse,
1020 2146 1050 2197 nt
1072 2156 1108 2197 ex
1133 2140 1330 2220 Aristophanis

288 2226 367 2286 honis
389 2222 536 2305 quidquam
558 2221 728 2303 possideant,
751 2234 780 2282 nt
801 2222 853 2282 dos
879 2223 979 2282 viduae
998 2220 1073 2284 illins
1094 2232 1254 2306 septemque
1274 2224 1330 2285 nri.

285 2329 348 2387 nan,
380 2308 479 2393 quihus
504 2325 646 2388 ageuero
667 2307 789 2387 acceptis
816 2306 1016 2388 Aristophanes
1041 2306 1149 2385 alteru,
1171 2311 1253 2372 horris
1273 2331 1341 2396 pu·-

284 2395 394 2458 lrlleatis
422 2397 478 2457 sint
505 2395 701 2455 adnumeratae
728 2402 784 2469 (ο
808 2396 835 2470 §.
865 2391 946 2472 33.).
987 2393 1088 2456 lterum
1117 2394 1215 2457 deinde
1236 2416 1328 2477 expo-
1427 2391 1428 2399 ’

283 2479 324 2542 uit
343 2490 431 2560 octor,
454 2480 503 2540 rix
523 2479 654 2539 credibile
675 2497 750 2552 esse,
772 2477 983 2558 Aristophanem
1008 2481 1129 2561 majores
1151 2502 1219 2563 opes
1240 2503 1326 2563 quarn

282 2581 409 2646 repertae
435 2563 493 2624 siut
523 2562 684 2644 reliquisse,
717 2564 873 2623 cumcuim
895 2563 1043 2644 partimin
1066 2565 1184 2629 ciuitatis
1204 2570 1326 2649 gratinus

282 2650 395 2711 diritius
422 2667 489 2709 snas
514 2647 644 2725 soluisse,
672 2647 774 2729 partim
801 2648 948 2730 reliquisse
975 2654 1190 2731 quattuordecim
1219 2656 1325 2715 toleots

282 2743 310 2797 et
330 2734 479 2811 dimidium,
502 2753 564 2795 curn
580 2731 667 2809 Coro,
692 2752 773 2814 quem
794 2732 967 2815 Nicophemo
989 2737 1155 2817 praelectum
1178 2738 1325 2821 reliquisse

280 2820 423 2883 minimum
451 2818 595 2900 decuplum
617 2818 778 2896 credideris,
799 2839 836 2882 ex
856 2828 1015 2883 testamento
1036 2822 1103 2883 nihil
1126 2824 1178 2887 uisi
1200 2828 1325 2907 quadra·

251 2907 361 2988 ,ginta
387 2906 490 2969 talenta
515 2906 669 2986 possederit
696 2903 752 2988 (-
773 2904 801 2988 §.
822 2901 901 2988 44).
950 2907 1042 2984 Quam
1064 2928 1151 2990 saepe
1176 2911 1322 2993 opiniones

279 2992 456 3074 quaernlgo
478 2991 596 3052 diffusae
617 2990 673 3053 siut
694 2993 729 3052 dc
751 2992 889 3054 hominnm
911 2992 1008 3073 opibus
1037 3003 1099 3075 post
1120 3011 1234 3058 mortem
1255 2997 1323 3059 illo·

178 3108 179 3111 ¹
277 3093 338 3139 rum
361 3076 533 3138 falsissimae
554 3076 742 3158 apparuerint,
769 3078 850 3157 plura
877 3080 1008 3160 exempla
1036 3081 1141 3161 profert
1167 3093 1246 3144 sotor
1265 3082 1318 3167 (cl.

276 3160 399 3227 Boeolrh.
424 3161 457 3228 0.
481 3183 505 3224 o.
528 3161 576 3224 lib.
600 3160 650 3241 lli,
673 3182 736 3243 cap.
760 3161 820 3246 3.).
862 3163 989 3245 Denique
1008 3164 1043 3228 de
1061 3187 1092 3228 se
1113 3189 1219 3249 suoque
1239 3182 1321 3250 patre

274 3262 370 3311 orator
396 3246 533 3331 loqrrltur3
564 3266 596 3308 se
625 3269 641 3309 a
668 3248 730 3309 loro
762 3261 789 3308 et
814 3249 924 3330 judiciis
946 3273 995 3332 per
1016 3260 1100 3314 totanr
1123 3254 1206 3316 ritanr
1227 3253 1321 3316 ahsti.

275 3336 384 3414 nuisse3
416 3346 521 3415 patrem
552 3355 691 3416 rrurrqorrru
725 3337 859 3396 honorum
888 3334 976 3399 luisse
1003 3339 1151 3420 cupidum,
1188 3344 1238 3400 sed
1265 3363 1320 3423 per·

273 3420 474 3504 qninquaginta
507 3440 595 3483 anuos
631 3421 724 3483 oruoia
760 3419 825 3482 honi
861 3420 930 3483 ciris
967 3423 1059 3486 officia
1096 3427 1318 3505 splendidissime

273 3508 459 3587 praestitisse,
488 3527 588 3568 uorem
619 3507 723 3568 talenta
743 3514 771 3567 et
791 3507 846 3568 drro
868 3506 944 3569 milia
964 3512 1158 3572 drachmarum
1180 3512 1317 3593 reiprrhli-

273 3612 325 3653 ene
344 3592 504 3669 contulisse,
526 3592 554 3652 in
579 3591 649 3654 ludis
675 3590 816 3654 Isthmicis
844 3601 871 3655 ct
891 3594 1005 3658 Ncrneis
1028 3596 1139 3673 vicisse,
1159 3619 1314 3680 pauperum

271 3677 371 3738 uirium
393 3676 466 3738 filias
486 3697 654 3759 sororesque
674 3678 785 3739 dotihos
806 3679 935 3757 donasse,
958 3682 1029 3743 alius
1051 3703 1090 3744 cx
1111 3683 1228 3744 hostiurn
1251 3703 1337 3746 mav

271 3762 353 3825 nilrrrs
384 3763 513 3841 soluisse,
542 3764 614 3825 ulios
642 3764 815 3847 sepeliendos
842 3767 1014 3842 consessio
1036 3769 1145 3849 privata
1168 3773 1314 3833 rcroritn

270 3846 474 3930 undegloriam
492 3869 545 3909 nou
565 3870 726 3932 comparare
748 3850 874 3933 potuerit,
895 3853 1238 3935 luissesimplicissinrorrr.
1259 3854 1313 3918 ltr-
1426 3855 1427 3926 ,

267 3933 343 3996 dices
366 3933 451 4010 igitur
470 3954 504 3995 ne
525 3933 579 3996 sihi
601 3955 707 4017 suoque
729 3937 800 4017 patri
823 3938 901 4008 hona,
916 3937 1035 4020 eripiant
1055 3951 1085 4002 ut
1107 3940 1311 4003 halreuutoudrt
1426 3979 1427 3982 =

261 4018 434 4102 ,mipohllcae
453 4018 557 4104 prosint
579 4019 624 4104 (ξ.
647 4020 741 4084 55—
754 4016 823 4100 64.)
845 4027 917 4084 orat.
