2892 4684
297 327 349 405 86

225 486 232 500 ’
273 510 371 590 ,illud
398 507 500 591 babet,
528 503 736 590 expositorem
766 503 842 573 anim
868 524 962 572 rmum
989 503 1126 582 tenuitate
1153 493 1356 593 (ἰσχνότητι)

182 634 187 655 ι
302 596 482 662 elocutionis«
500 594 679 676 perspicuam
708 594 737 657 et
766 600 929 655 accuratam
962 596 1106 675 praebent.
1166 593 1269 657 Cicero
1302 595 1355 658 illo

299 684 373 763 loeo,
400 703 455 767 quo
475 679 591 749 uirtutes
612 679 769 742 oratoribus
791 677 892 741 Atticis
918 677 1039 761 siugulis
1067 678 1198 762 propiias
1224 690 1355 744 recenset

300 770 409 855 Lysiae
439 765 621 831 subtilitatem
646 765 789 847 propriam
819 763 952 826 adtribuit
980 785 1068 846 eaque
1095 766 1259 846 praesertim
1290 785 1358 828 cer.

301 867 346 921 tos
374 855 437 936 ejus
464 850 604 914 studiosos
633 851 808 931 potissimum
834 851 958 930 gaudere
979 862 1182 913 commemorat
1211 852 1260 927 (de
1281 863 1355 918 orat.
1380 855 1383 861 '

300 942 352 1021 ΙΙΙ,
373 942 406 1003 7.
426 937 511 1002 Brut.
542 935 595 1019 16.
627 935 681 1000 17.
707 936 747 1000 el.
776 945 851 1000 urat.
873 933 905 1000 0.
927 934 1010 1017 31.).
1055 936 1113 997 Sed
1139 936 1166 998 si
1192 936 1357 1016 diligentius

301 1029 337 1090 de
357 1027 411 1087 hac
430 1016 580 1086 subtilitate
606 1040 791 1101 quaeramus,
819 1019 918 1081 Cicero
945 1019 1015 1080 iuter
1041 1020 1152 1101 priores
1180 1028 1307 1082 oratores
1327 1028 1358 1084 et

300 1108 419 1194 Lysiam
441 1129 495 1170 nou
518 1108 588 1168 hene
609 1105 717 1173 uidetur
738 1104 915 1184 distinxisse,
943 1104 1010 1185 quoia
1038 1106 1095 1166 alio
1125 1105 1186 1165 loco
1213 1105 1261 1187 (de
1282 1115 1355 1173 orat.

300 1196 343 1275 11,
364 1194 435 1270 02.)
454 1193 537 1255 etiarn
558 1186 704 1274 Peridlem,
723 1191 915 1267 Alcibiadem,
944 1189 1137 1270 Thucydidem
1162 1190 1279 1253 subtiles
1301 1211 1357 1253 uo-

303 1290 364 1363 mr,
391 1299 481 1361 usque
502 1268 683 1361 ἀφελόσης,
713 1296 798 1357 qurum
823 1274 952 1357 laudibus
981 1275 1060 1337 etlert
1087 1275 1282 1353 Hermogenes
1303 1276 1356 1357 (de

301 1368 387 1434 form.
409 1366 449 1429 T.
471 1361 527 1428 Ill.
550 1384 579 1443 p.
600 1362 675 1428 307.
703 1361 778 1425 380.
807 1356 872 1442 W.)
901 1361 1031 1427 indicium
1060 1369 1104 1424 est
1132 1362 1265 1424 orationis
1290 1361 1355 1444 Ly.

302 1454 407 1526 aionas,
429 1449 495 1531 quia
515 1446 597 1510 etiarn
619 1445 906 1511 Lacedaemoniorum
926 1438 1206 1531 εὐθυρρημοσὺυη
1237 1459 1356 1511 uocatur

276 1530 429 1623 ’ἀφελὴς
448 1531 506 1596 καὶ
526 1524 742 1617 σύνσσμοςῑ).
785 1531 997 1611 Siguiticantius
1025 1535 1114 1597 virtus
1140 1532 1261 1595 oratoria
1286 1554 1356 1596 sae·
1428 1564 1431 1571 ·

302 1625 366 1709 pius
387 1621 502 1683 laudata
524 1610 677 1699 ἰσχυότηο
697 1618 741 1678 rel
763 1620 884 1681 tennitas
911 1627 1038 1681 vocatur.
1079 1618 1128 1680 Uti
1149 1616 1253 1682 Critias
1274 1614 1356 1700 doy-

267 1769 270 1774 ,
302 1700 427 1794 perlue
447 1699 509 1781 τὴν
532 1693 627 1766 idida
646 1697 708 1765 τοῦ
732 1696 834 1782 λόγου
854 1704 872 1769 i.
894 1722 921 1767 s.
940 1704 1031 1766 tenuis
1051 1704 1173 1781 dicitur,
1201 1704 1242 1765 ira
1262 1706 1355 1767 tanm-

303 1795 370 1859 tatis
391 1790 535 1871 festigium
550 1789 585 1851 'iu
605 1788 698 1871 Lysia
716 1790 871 1870 reperimus
884 1786 924 1871 ²),
953 1809 1070 1871 eumque
1092 1803 1166 1852 recte
1194 1798 1288 1852 numm
1308 1791 1368 1852 ul..

303 1878 389 1955 terius
415 1874 589 1958 eloquentiae
613 1871 725 1957 generis
751 1874 918 1959 statuimus,
943 1874 993 1937 illa
1018 1873 1091 1938 euim
1111 1885 1139 1937 et
1159 1875 1267 1958 priores
1286 1896 1357 1941 ore-

303 1975 378 2031 tures
399 1970 428 2025 et
445 1958 616 2045 posteriores
636 1963 672 2022 ah
693 1959 826 2023 lsucratis
845 1961 1017 2041 temporibus
1038 1973 1198 2026 caruerunt.

385 2064 456 2129 Post
477 2064 549 2125 huuc
567 2060 723 2145 Dionysiae
752 2058 838 2123 aliam
866 2060 1000 2125 virtutem
1013 2061 1122 2144 Lysiae
1146 2072 1287 2144 recenset,
1315 2062 1356 2127 il-

302 2153 362 2217 lum
388 2171 426 2215 ex
453 2171 509 2233 qus
542 2148 696 2211 sententias
716 2144 746 2207 iu
767 2150 961 2230 compendium
987 2158 1145 2212 contractae
1173 2154 1289 2213 rotunde
1309 2151 1354 2214 el.

263 2310 268 2321 ,
301 2239 428 2302 feruntur
447 2230 548 2319 (λέξις
567 2226 590 2312 ἡ
614 2229 850 2317 συστρέφουσα
869 2230 914 2296 τὰ
933 2226 1088 2317 νοήματα
1107 2231 1166 2299 sul
1192 2229 1354 2319 στρογγύ-

301 2322 368 2401 λους
398 2318 605 2408 ἐκφέρουσα)
618 2320 661 2403 ³).
713 2317 797 2384 Ihiua
829 2340 896 2384 uero
932 2333 1072 2385 auctorem
1106 2322 1354 2406 Thrasymachum

301 2431 367 2478 esse
386 2409 482 2473 statuit
502 2408 718 2490 Theophrastus
739 2403 879 2487 Dionysio
899 2407 1056 2487 obnitente,
1084 2408 1164 2472 cuius
1185 2408 1354 2473 sententiam

302 2495 439 2562 veriorem
460 2511 525 2556 esse
551 2490 705 2555 uerisimile
731 2488 825 2572 eset).
870 2490 979 2554 Etenim
1007 2492 1082 2577 apud
1109 2494 1253 2558 Platonem
1279 2495 1354 2575 (rei-

300 2581 381 2665 publ.
405 2601 438 2662 p.
462 2576 538 2642 336.
564 2575 618 2657 B.)
645 2576 880 2659 Thrasymachus
906 2576 1104 2662 συστρέφειν
1126 2574 1247 2642 ἑαυτὸν
1276 2586 1383 2651 moro,

302 2666 459 2732 belluarum
485 2662 585 2725 dicitur
611 2661 631 2727 i.
653 2680 681 2726 ο.
702 2679 735 2722 so
761 2665 923 2726 conuehere
942 2673 970 2726 et
989 2665 1123 2746 colligare
1150 2687 1206 2751 quo
1231 2665 1353 2747 impetus
1430 2682 1432 2707 l

300 2752 351 2817 lint
371 2748 567 2830 uehementior,
588 2765 678 2829 unque
697 2744 835 2827 Dionysio
856 2751 1058 2813 concedendum
1091 2760 1150 2829 est,
1179 2771 1241 2814 eum
1262 2751 1354 2836 Lysia
1429 2730 1431 2802 l

301 2839 390 2904 luisse
406 2835 554 2919 juniorem.
597 2833 681 2913 Quod
708 2840 801 2894 antem
826 2832 980 2916 Dionysius
1008 2836 1102 2917 addit,
1133 2839 1208 2901 huna
1228 2847 1301 2911 certa
1321 2839 1352 2902 iu
1428 2816 1430 2894 i

300 2925 352 2990 illa
379 2923 480 2986 uirtute
500 2918 595 3002 magis
622 2917 808 2999 excelluisse,
833 2920 888 2983 hoo
914 2920 1041 2985 lubenter
1067 2924 1225 2987 cudamus.
1266 2924 1354 2989 Hane
1427 2940 1429 2988 l

299 3009 449 3075 dictionem
469 3005 639 3070 orationihus
664 3004 845 3088 judicialibus
871 3008 1011 3090 propriam
1037 3008 1119 3091 pauci
1149 3008 1247 3075 inuitati
1274 3019 1351 3091 sunt,
1425 3008 1428 3080 l

299 3095 503 3162 Demosthenes
521 3090 602 3155 solus
622 3090 777 3187 superarit,
798 3094 847 3156 sed
867 3106 924 3154 nun
944 3103 1003 3157 tum
1023 3093 1186 3177 simpliciter
1210 3116 1295 3178 parce
1315 3117 1353 3160 ue

296 3174 451 3266 (εὐτελῶς
476 3169 725 3276 solno’rrpelauc),
751 3179 803 3241 sed
829 3177 967 3244 curiosius
987 3188 1018 3244 et
1039 3181 1181 3246 dittsilius
1206 3119 1354 3269 (septip-

298 3264 441 3356 γυψὶ
459 3266 594 3349 mamre)
613 3261 750 3327 adhibuit.
947 3270 950 3275 ⁴

263 3357 266 3363 '
380 3352 430 3420 Ex
449 3351 551 3416 ueteris
566 3347 676 3449 Lpsiae
694 3348 845 3416 uirtutibus
864 3347 995 3418 &deuiis
1014 3360 1130 3438 veteres¹
1143 3349 1267 3418 maxime
1285 3351 1354 3419 tm-

293 3511 494 3539 m

239 3632 243 3639 .
278 3572 281 3587 ¹
333 3598 867 3680 1)snannptr.‹tnao.tt.s.2t
934 3624 935 3629 ¹

197 3694 201 3703 ·
218 3707 221 3713 ·
328 3682 359 3751 ¹)
376 3676 468 3733 Dion.
486 3674 520 3729 ds
536 3681 602 3741 cett.
620 3676 718 3746 script.
736 3687 812 3729 cens.
829 3674 868 3738 V,
887 3670 913 3729 t.
929 3667 963 3725 ds
979 3669 1061 3726 Deua.
1078 3667 1135 3731 dic,
1152 3671 1180 3726 ei
1197 3675 1224 3739 ς.
1240 3671 1268 3728 2.
1284 3673 1349 3733 Cle·

269 3754 273 3763 ’
361 3756 433 3830 opat.
450 3744 478 3804 9.
524 3744 594 3799 uint.
613 3740 681 3809 xil,
700 3737 744 3797 tt).
760 3741 808 3798 21.
833 3742 959 3800 Demetr.
983 3741 1018 3797 de
1033 3739 1102 3798 eloe·
1117 3744 1145 3809 ς.
1163 3740 1349 3808 thio-losum.

332 3811 760 3955 'lsiiibb.Tbys{⁰g⁶geidffie
781 3883 866 3937 loom.
884 3881 911 3946 §.
929 3876 973 3936 rt.
997 3874 1032 3932 ds
1048 3877 1130 3936 Dent.
1155 3878 1209 3937 die.
1226 3881 1255 3939 ui
1271 3883 1298 3948 ς.
1313 3878 1346 3943 3.

328 3996 330 3999 -
357 3955 417 4017 rsa
442 3950 527 4009 Phor.
544 3950 626 4008 Hanc
652 3966 714 4007 aras
735 3951 937 4023 proprietatem
959 3944 1115 4004 dialectices
1138 3951 1239 4010 statuit
1261 3951 1346 4009 Ζοσο

353 4024 488 4081 Citiensis
504 4031 573 4080 rests
587 4023 663 4079 Sene.
681 4020 793 4090 Empir.
809 4019 874 4082 udo.
891 4016 1024 4077 mrum.
1041 4017 1077 4090 ll,
1093 4019 1122 4080 7.

321 4094 349 4162 ⁴)
362 4094 402 4155 'eh
418 4092 547 4169 sponset
564 4110 655 4166 noroy.
672 4107 702 4165 p.
717 4089 765 4189 bt,
