<?xml version="1.0" encoding="UTF-8"?>
<!DOCTYPE html PUBLIC "-//W3C//DTD XHTML 1.0 Transitional//EN"
    "http://www.w3.org/TR/xhtml1/DTD/xhtml1-transitional.dtd">
<html xmlns="http://www.w3.org/1999/xhtml" xml:lang="en" lang="en">
 <head>
  <title>
</title>
<meta http-equiv="Content-Type" content="text/html;charset=utf-8" />
  <meta name='ocr-system' content='tesseract 3.04.00' />
  <meta name='ocr-capabilities' content='ocr_page ocr_carea ocr_par ocr_line ocrx_word'/>
</head>
<body>
  <div class='ocr_page' id='page_1' title='image "./devitaetscripti00lysigoog_0030.png"; bbox 0 0 2892 4684; ppageno 0'>
   <div class='ocr_carea' id='block_1_1' title="bbox 245 308 295 380">
    <p class='ocr_par' dir='ltr' id='par_1_1' title="bbox 245 308 295 380">
     <span class='ocr_line' id='line_1_1' title="bbox 245 308 295 380; baseline 0 0"><span class='ocrx_word' id='word_1_1' title='bbox 245 308 295 380; x_wconf 87' lang='lat' dir='ltr'><strong>to</strong></span> 
     </span>
    </p>
   </div>
   <div class='ocr_carea' id='block_1_2' title="bbox 111 470 1376 2795">
    <p class='ocr_par' dir='ltr' id='par_1_2' title="bbox 111 470 1353 1579">
     <span class='ocr_line' id='line_1_2' title="bbox 245 470 1298 570; baseline 0.002 -19"><span class='ocrx_word' id='word_1_2' title='bbox 245 490 329 552; x_wconf 80' lang='lat' dir='ltr'><strong>loerb</strong></span> <span class='ocrx_word' id='word_1_3' title='bbox 348 507 385 550; x_wconf 88' lang='lat' dir='ltr'><strong>an</strong></span> <span class='ocrx_word' id='word_1_4' title='bbox 408 477 564 563; x_wconf 76' lang='grc' dir='ltr'><strong><em>ἰσοτελὴς,</em></strong></span> <span class='ocrx_word' id='word_1_5' title='bbox 586 482 720 546; x_wconf 77' lang='lat' dir='ltr'><strong>innormen</strong></span> <span class='ocrx_word' id='word_1_6' title='bbox 747 493 808 558; x_wconf 84' lang='lat' dir='ltr'><strong>est;</strong></span> <span class='ocrx_word' id='word_1_7' title='bbox 837 472 901 547; x_wconf 84' lang='lat' dir='ltr'><strong>nam</strong></span> <span class='ocrx_word' id='word_1_8' title='bbox 921 470 965 546; x_wconf 56' lang='lat' dir='ltr'><strong>ex*</strong></span> <span class='ocrx_word' id='word_1_9' title='bbox 979 480 1099 549; x_wconf 85' lang='lat' dir='ltr'><strong>Platone</strong></span> <span class='ocrx_word' id='word_1_10' title='bbox 1116 506 1175 549; x_wconf 84' lang='lat' dir='ltr'><strong>aon</strong></span> <span class='ocrx_word' id='word_1_11' title='bbox 1198 486 1298 570; x_wconf 81' lang='lat' dir='ltr'><strong>elucet,</strong></span> 
     </span>
     <span class='ocr_line' id='line_1_3' title="bbox 243 567 1299 655; baseline -0.001 -17"><span class='ocrx_word' id='word_1_12' title='bbox 243 595 312 638; x_wconf 86' lang='lat' dir='ltr'><strong>nnat</strong></span> <span class='ocrx_word' id='word_1_13' title='bbox 331 577 418 636; x_wconf 86' lang='lat' dir='ltr'><strong>aedes</strong></span> <span class='ocrx_word' id='word_1_14' title='bbox 439 590 510 655; x_wconf 86' lang='lat' dir='ltr'><strong>quas</strong></span> <span class='ocrx_word' id='word_1_15' title='bbox 538 568 682 632; x_wconf 74' lang='lat' dir='ltr'><strong>habitabat</strong></span> <span class='ocrx_word' id='word_1_16' title='bbox 710 568 815 631; x_wconf 85' lang='lat' dir='ltr'><strong>inerint</strong></span> <span class='ocrx_word' id='word_1_17' title='bbox 836 567 954 652; x_wconf 78' lang='lat' dir='ltr'><strong>Cephali</strong></span> <span class='ocrx_word' id='word_1_18' title='bbox 969 567 1005 652; x_wconf 91' lang='lat'><strong>¹).</strong></span> <span class='ocrx_word' id='word_1_19' title='bbox 1049 570 1196 634; x_wconf 87' lang='lat' dir='ltr'><strong>Prioribus</strong></span> <span class='ocrx_word' id='word_1_20' title='bbox 1223 583 1299 637; x_wconf 84' lang='lat' dir='ltr'><strong>tem·</strong></span> 
     </span>
     <span class='ocr_line' id='line_1_4' title="bbox 243 652 1296 745; baseline 0.001 -21"><span class='ocrx_word' id='word_1_21' title='bbox 243 661 359 745; x_wconf 85' lang='lat' dir='ltr'><strong>poribus</strong></span> <span class='ocrx_word' id='word_1_22' title='bbox 379 658 525 721; x_wconf 76' lang='lat' dir='ltr'><strong>Socratem</strong></span> <span class='ocrx_word' id='word_1_23' title='bbox 547 657 661 735; x_wconf 86' lang='lat' dir='ltr'><strong>saepius</strong></span> <span class='ocrx_word' id='word_1_24' title='bbox 682 652 789 716; x_wconf 80' lang='lat' dir='ltr'><strong>adiisse</strong></span> <span class='ocrx_word' id='word_1_25' title='bbox 818 653 920 717; x_wconf 87' lang='lat' dir='ltr'><strong>dicitnr</strong></span> <span class='ocrx_word' id='word_1_26' title='bbox 939 676 959 719; x_wconf 87' lang='lat' dir='ltr'><strong>a</strong></span> <span class='ocrx_word' id='word_1_27' title='bbox 979 655 1119 734; x_wconf 81' lang='lat' dir='ltr'><strong>Pletone3</strong></span> <span class='ocrx_word' id='word_1_28' title='bbox 1148 669 1206 720; x_wconf 90' lang='lat' dir='ltr'><strong>tum</strong></span> <span class='ocrx_word' id='word_1_29' title='bbox 1228 679 1296 725; x_wconf 83' lang='lat' dir='ltr'><strong>uero</strong></span> 
     </span>
     <span class='ocr_line' id='line_1_5' title="bbox 242 740 1353 827; baseline -0.001 -18"><span class='ocrx_word' id='word_1_30' title='bbox 242 748 325 809; x_wconf 87' lang='lat' dir='ltr'><strong>annis</strong></span> <span class='ocrx_word' id='word_1_31' title='bbox 343 746 403 827; x_wconf 85' lang='lat' dir='ltr'><strong>jam</strong></span> <span class='ocrx_word' id='word_1_32' title='bbox 425 751 572 823; x_wconf 82' lang='lat' dir='ltr'><strong>prouentus</strong></span> <span class='ocrx_word' id='word_1_33' title='bbox 595 760 665 803; x_wconf 86' lang='lat' dir='ltr'><strong>snas</strong></span> <span class='ocrx_word' id='word_1_34' title='bbox 687 740 772 801; x_wconf 89' lang='lat' dir='ltr'><strong>aedes</strong></span> <span class='ocrx_word' id='word_1_35' title='bbox 794 761 850 801; x_wconf 90' lang='lat' dir='ltr'><strong>non</strong></span> <span class='ocrx_word' id='word_1_36' title='bbox 872 741 1054 824; x_wconf 79' lang='lat' dir='ltr'><strong>relinquebat.</strong></span> <span class='ocrx_word' id='word_1_37' title='bbox 1099 740 1200 826; x_wconf 81' lang='lat' dir='ltr'><strong>Itaque</strong></span> <span class='ocrx_word' id='word_1_38' title='bbox 1219 746 1295 808; x_wconf 85' lang='lat' dir='ltr'><strong>arni·</strong></span> <span class='ocrx_word' id='word_1_39' title='bbox 1352 782 1353 785; x_wconf 60' lang='lat'><em>=</em></span> 
     </span>
     <span class='ocr_line' id='line_1_6' title="bbox 242 825 1294 909; baseline 0 -15"><span class='ocrx_word' id='word_1_40' title='bbox 242 853 306 894; x_wconf 84' lang='lat' dir='ltr'><strong>eum</strong></span> <span class='ocrx_word' id='word_1_41' title='bbox 328 830 452 908; x_wconf 71' lang='lat' dir='ltr'><strong>longiore</strong></span> <span class='ocrx_word' id='word_1_42' title='bbox 472 847 509 888; x_wconf 85' lang='lat' dir='ltr'><strong>ex</strong></span> <span class='ocrx_word' id='word_1_43' title='bbox 529 847 584 908; x_wconf 89' lang='lat' dir='ltr'><strong>quo</strong></span> <span class='ocrx_word' id='word_1_44' title='bbox 605 846 667 888; x_wconf 88' lang='lat' dir='ltr'><strong>enm</strong></span> <span class='ocrx_word' id='word_1_45' title='bbox 690 825 797 891; x_wconf 84' lang='lat' dir='ltr'><strong>uiderat</strong></span> <span class='ocrx_word' id='word_1_46' title='bbox 817 837 942 908; x_wconf 85' lang='lat' dir='ltr'><strong>tempore</strong></span> <span class='ocrx_word' id='word_1_47' title='bbox 970 826 1163 909; x_wconf 86' lang='lat' dir='ltr'><strong>praeterlapso</strong></span> <span class='ocrx_word' id='word_1_48' title='bbox 1185 829 1294 894; x_wconf 85' lang='lat' dir='ltr'><strong>Socra·</strong></span> 
     </span>
     <span class='ocr_line' id='line_1_7' title="bbox 243 910 1293 990; baseline -0.004 -10"><span class='ocrx_word' id='word_1_49' title='bbox 243 929 286 980; x_wconf 91' lang='lat' dir='ltr'><strong>tes</strong></span> <span class='ocrx_word' id='word_1_50' title='bbox 314 915 399 990; x_wconf 86' lang='lat' dir='ltr'><strong>adiit,</strong></span> <span class='ocrx_word' id='word_1_51' title='bbox 434 910 637 976; x_wconf 81' lang='lat' dir='ltr'><strong>sacrificantem</strong></span> <span class='ocrx_word' id='word_1_52' title='bbox 668 910 790 987; x_wconf 87' lang='lat' dir='ltr'><strong>inuenit,</strong></span> <span class='ocrx_word' id='word_1_53' title='bbox 827 932 890 973; x_wconf 88' lang='lat' dir='ltr'><strong>cnm</strong></span> <span class='ocrx_word' id='word_1_54' title='bbox 923 931 960 972; x_wconf 89' lang='lat' dir='ltr'><strong>eo</strong></span> <span class='ocrx_word' id='word_1_55' title='bbox 988 916 1024 973; x_wconf 91' lang='lat' dir='ltr'><strong>de</strong></span> <span class='ocrx_word' id='word_1_56' title='bbox 1052 924 1195 978; x_wconf 76' lang='lat' dir='ltr'><strong>senectute</strong></span> <span class='ocrx_word' id='word_1_57' title='bbox 1230 916 1293 979; x_wconf 83' lang='lat' dir='ltr'><strong>eol·</strong></span> 
     </span>
     <span class='ocr_line' id='line_1_8' title="bbox 242 995 1294 1083; baseline 0.001 -19"><span class='ocrx_word' id='word_1_58' title='bbox 242 1001 318 1083; x_wconf 85' lang='lat' dir='ltr'><strong>loqui</strong></span> <span class='ocrx_word' id='word_1_59' title='bbox 339 997 438 1080; x_wconf 84' lang='lat' dir='ltr'><strong>eoepit,</strong></span> <span class='ocrx_word' id='word_1_60' title='bbox 459 1017 596 1079; x_wconf 86' lang='lat' dir='ltr'><strong>quumque</strong></span> <span class='ocrx_word' id='word_1_61' title='bbox 616 995 760 1077; x_wconf 79' lang='lat' dir='ltr'><strong>Cephalus</strong></span> <span class='ocrx_word' id='word_1_62' title='bbox 780 996 906 1075; x_wconf 78' lang='lat' dir='ltr'><strong>dixisset,</strong></span> <span class='ocrx_word' id='word_1_63' title='bbox 927 996 974 1079; x_wconf 87' lang='lat' dir='ltr'><strong>qui</strong></span> <span class='ocrx_word' id='word_1_64' title='bbox 991 998 1070 1081; x_wconf 81' lang='lat' dir='ltr'><strong>juste</strong></span> <span class='ocrx_word' id='word_1_65' title='bbox 1089 999 1176 1063; x_wconf 74' lang='lat' dir='ltr'><strong>nam</strong></span> <span class='ocrx_word' id='word_1_66' title='bbox 1197 1012 1294 1065; x_wconf 83' lang='lat' dir='ltr'><strong>trans·</strong></span> 
     </span>
     <span class='ocr_line' id='line_1_9' title="bbox 241 1080 1293 1169; baseline 0.001 -22"><span class='ocrx_word' id='word_1_67' title='bbox 241 1088 357 1169; x_wconf 75' lang='lat' dir='ltr'><strong>egisset,</strong></span> <span class='ocrx_word' id='word_1_68' title='bbox 380 1085 406 1145; x_wconf 90' lang='lat' dir='ltr'><strong>ei</strong></span> <span class='ocrx_word' id='word_1_69' title='bbox 428 1082 603 1165; x_wconf 86' lang='lat' dir='ltr'><strong>tranquillam</strong></span> <span class='ocrx_word' id='word_1_70' title='bbox 625 1102 661 1145; x_wconf 90' lang='lat' dir='ltr'><strong>ao</strong></span> <span class='ocrx_word' id='word_1_71' title='bbox 688 1080 792 1143; x_wconf 86' lang='lat' dir='ltr'><strong>laetam</strong></span> <span class='ocrx_word' id='word_1_72' title='bbox 820 1083 982 1162; x_wconf 79' lang='lat' dir='ltr'><strong>contingere</strong></span> <span class='ocrx_word' id='word_1_73' title='bbox 1007 1095 1190 1164; x_wconf 86' lang='lat' dir='ltr'><strong>senectutem,</strong></span> <span class='ocrx_word' id='word_1_74' title='bbox 1217 1086 1293 1148; x_wconf 78' lang='lat' dir='ltr'><strong>iuci-</strong></span> 
     </span>
     <span class='ocr_line' id='line_1_10' title="bbox 241 1166 1292 1253; baseline -0.001 -17"><span class='ocrx_word' id='word_1_75' title='bbox 241 1176 312 1236; x_wconf 90' lang='lat' dir='ltr'><strong>dnnt</strong></span> <span class='ocrx_word' id='word_1_76' title='bbox 332 1172 359 1231; x_wconf 92' lang='lat' dir='ltr'><strong>in</strong></span> <span class='ocrx_word' id='word_1_77' title='bbox 381 1169 571 1250; x_wconf 83' lang='lat' dir='ltr'><strong>quaestionem</strong></span> <span class='ocrx_word' id='word_1_78' title='bbox 592 1169 627 1230; x_wconf 89' lang='lat' dir='ltr'><strong>de</strong></span> <span class='ocrx_word' id='word_1_79' title='bbox 647 1186 681 1227; x_wconf 91' lang='lat' dir='ltr'><strong>eo</strong></span> <span class='ocrx_word' id='word_1_80' title='bbox 703 1168 778 1248; x_wconf 91' lang='lat' dir='ltr'><strong>qnod</strong></span> <span class='ocrx_word' id='word_1_81' title='bbox 804 1166 911 1250; x_wconf 85' lang='lat' dir='ltr'><strong>jnstnnr</strong></span> <span class='ocrx_word' id='word_1_82' title='bbox 933 1167 1139 1249; x_wconf 79' lang='lat' dir='ltr'><strong>appellaretur,</strong></span> <span class='ocrx_word' id='word_1_83' title='bbox 1168 1179 1292 1253; x_wconf 86' lang='lat' dir='ltr'><strong>atqnea</strong></span> 
     </span>
     <span class='ocr_line' id='line_1_11' title="bbox 241 1252 1291 1338; baseline 0 -17"><span class='ocrx_word' id='word_1_84' title='bbox 241 1258 358 1322; x_wconf 82' lang='lat' dir='ltr'><strong>Socrate</strong></span> <span class='ocrx_word' id='word_1_85' title='bbox 379 1255 419 1316; x_wconf 85' lang='lat' dir='ltr'><strong>illi</strong></span> <span class='ocrx_word' id='word_1_86' title='bbox 441 1256 476 1315; x_wconf 93' lang='lat' dir='ltr'><strong>de</strong></span> <span class='ocrx_word' id='word_1_87' title='bbox 491 1253 640 1335; x_wconf 87' lang='lat' dir='ltr'><strong>republica</strong></span> <span class='ocrx_word' id='word_1_88' title='bbox 660 1271 807 1315; x_wconf 86' lang='lat' dir='ltr'><strong>sermones</strong></span> <span class='ocrx_word' id='word_1_89' title='bbox 832 1252 919 1315; x_wconf 87' lang='lat' dir='ltr'><strong>habiti</strong></span> <span class='ocrx_word' id='word_1_90' title='bbox 947 1264 1015 1316; x_wconf 88' lang='lat' dir='ltr'><strong>snut</strong></span> <span class='ocrx_word' id='word_1_91' title='bbox 1034 1275 1105 1338; x_wconf 88' lang='lat' dir='ltr'><strong>quos</strong></span> <span class='ocrx_word' id='word_1_92' title='bbox 1124 1256 1206 1318; x_wconf 87' lang='lat' dir='ltr'><strong>Plelo</strong></span> <span class='ocrx_word' id='word_1_93' title='bbox 1226 1257 1291 1321; x_wconf 81' lang='lat' dir='ltr'><strong>lite-</strong></span> 
     </span>
     <span class='ocr_line' id='line_1_12' title="bbox 241 1336 1290 1421; baseline -0.002 -15"><span class='ocrx_word' id='word_1_94' title='bbox 241 1343 282 1406; x_wconf 87' lang='lat' dir='ltr'><strong>ris</strong></span> <span class='ocrx_word' id='word_1_95' title='bbox 302 1340 462 1420; x_wconf 66' lang='lat' dir='ltr'><strong>mandauit,</strong></span> <span class='ocrx_word' id='word_1_96' title='bbox 483 1359 533 1402; x_wconf 87' lang='lat' dir='ltr'><strong>eos</strong></span> <span class='ocrx_word' id='word_1_97' title='bbox 555 1358 644 1421; x_wconf 85' lang='lat' dir='ltr'><strong>neque</strong></span> <span class='ocrx_word' id='word_1_98' title='bbox 665 1337 711 1402; x_wconf 90' lang='lat' dir='ltr'><strong>0t.</strong></span> <span class='ocrx_word' id='word_1_99' title='bbox 734 1336 788 1402; x_wconf 83' lang='lat'><strong>92.</strong></span> <span class='ocrx_word' id='word_1_100' title='bbox 817 1358 905 1419; x_wconf 89' lang='lat' dir='ltr'><strong>neque</strong></span> <span class='ocrx_word' id='word_1_101' title='bbox 925 1340 971 1419; x_wconf 79' lang='lat' dir='ltr'><strong>Ol.</strong></span> <span class='ocrx_word' id='word_1_102' title='bbox 992 1337 1065 1418; x_wconf 65' lang='lat'><strong>85„</strong></span> <span class='ocrx_word' id='word_1_103' title='bbox 1093 1349 1123 1401; x_wconf 94' lang='lat' dir='ltr'><strong>nt</strong></span> <span class='ocrx_word' id='word_1_104' title='bbox 1143 1341 1290 1406; x_wconf 88' lang='lat' dir='ltr'><strong>Stallbau-</strong></span> 
     </span>
     <span class='ocr_line' id='line_1_13' title="bbox 111 1420 1290 1513; baseline 0.004 -26"><span class='ocrx_word' id='word_1_105' title='bbox 111 1474 114 1487; x_wconf 87' lang='lat'>.</span> <span class='ocrx_word' id='word_1_106' title='bbox 244 1426 317 1492; x_wconf 91' lang='lat' dir='ltr'><strong>mins</strong></span> <span class='ocrx_word' id='word_1_107' title='bbox 356 1425 489 1511; x_wconf 81' lang='lat' dir='ltr'><strong>conjecit,</strong></span> <span class='ocrx_word' id='word_1_108' title='bbox 526 1420 631 1509; x_wconf 75' lang='lat' dir='ltr'><strong>sed&#39;p.</strong></span> <span class='ocrx_word' id='word_1_109' title='bbox 657 1423 704 1489; x_wconf 83' lang='lat'><strong>01.</strong></span> <span class='ocrx_word' id='word_1_110' title='bbox 721 1422 932 1511; x_wconf 59' lang='lat' dir='ltr'><strong>{Sd-‘sbabitoe</strong></span> <span class='ocrx_word' id='word_1_111' title='bbox 950 1444 1029 1513; x_wconf 19' lang='lat' dir='ltr'><strong>,esse</strong></span> <span class='ocrx_word' id='word_1_112' title='bbox 1063 1425 1136 1490; x_wconf 85' lang='lat' dir='ltr'><strong>inira</strong></span> <span class='ocrx_word' id='word_1_113' title='bbox 1169 1431 1290 1510; x_wconf 88' lang='lat' dir='ltr'><strong>probare</strong></span> 
     </span>
     <span class='ocr_line' id='line_1_14' title="bbox 240 1514 1038 1579; baseline -0.006 0"><span class='ocrx_word' id='word_1_114' title='bbox 240 1514 369 1579; x_wconf 82' lang='lat' dir='ltr'><strong>studebo.</strong></span> <span class='ocrx_word' id='word_1_115' title='bbox 762 1520 764 1527; x_wconf 80' lang='grc'>’</span> <span class='ocrx_word' id='word_1_116' title='bbox 1022 1526 1038 1553; x_wconf 73' lang='grc'><em>·</em></span> 
     </span>
    </p>

    <p class='ocr_par' dir='ltr' id='par_1_3' title="bbox 228 1591 1376 2795">
     <span class='ocr_line' id='line_1_15' title="bbox 324 1591 1287 1680; baseline 0.002 -22"><span class='ocrx_word' id='word_1_117' title='bbox 324 1594 470 1680; x_wconf 80' lang='lat' dir='ltr'><strong>Cephalus</strong></span> <span class='ocrx_word' id='word_1_118' title='bbox 496 1592 593 1656; x_wconf 89' lang='lat' dir='ltr'><strong>hahuit</strong></span> <span class='ocrx_word' id='word_1_119' title='bbox 621 1600 749 1675; x_wconf 82' lang='lat' dir='ltr'><strong>quattuor</strong></span> <span class='ocrx_word' id='word_1_120' title='bbox 774 1591 869 1671; x_wconf 77' lang='lat' dir='ltr'><strong>tilios,</strong></span> <span class='ocrx_word' id='word_1_121' title='bbox 902 1591 1131 1671; x_wconf 83' lang='lat' dir='ltr'><strong>Polcmarchnm,</strong></span> <span class='ocrx_word' id='word_1_122' title='bbox 1158 1594 1287 1679; x_wconf 79' lang='lat' dir='ltr'><strong>Lysiam,</strong></span> 
     </span>
     <span class='ocr_line' id='line_1_16' title="bbox 238 1677 1376 1767; baseline -0.004 -21"><span class='ocrx_word' id='word_1_123' title='bbox 238 1683 452 1767; x_wconf 81' lang='lat' dir='ltr'><strong>Euthydemum,</strong></span> <span class='ocrx_word' id='word_1_124' title='bbox 474 1677 861 1760; x_wconf 56' lang='lat' dir='ltr'><strong>Braotyttomschotnns</strong></span> <span class='ocrx_word' id='word_1_125' title='bbox 886 1680 956 1741; x_wconf 74' lang='lat' dir='ltr'><strong>tre&#39;s-</strong></span> <span class='ocrx_word' id='word_1_126' title='bbox 974 1679 1082 1759; x_wconf 90' lang='lat' dir='ltr'><strong>priores</strong></span> <span class='ocrx_word' id='word_1_127' title='bbox 1108 1681 1189 1746; x_wconf 84' lang='lat' dir='ltr'><strong>Plato</strong></span> <span class='ocrx_word' id='word_1_128' title='bbox 1209 1704 1288 1745; x_wconf 88' lang='lat' dir='ltr'><strong>com·</strong></span> <span class='ocrx_word' id='word_1_129' title='bbox 1374 1734 1376 1741; x_wconf 30' lang='lat' dir='ltr'><em>s</em></span> 
     </span>
     <span class='ocr_line' id='line_1_17' title="bbox 239 1763 1289 1851; baseline -0.001 -19"><span class='ocrx_word' id='word_1_130' title='bbox 239 1776 383 1846; x_wconf 86' lang='lat' dir='ltr'><strong>memorat,</strong></span> <span class='ocrx_word' id='word_1_131' title='bbox 404 1764 546 1847; x_wconf 78' lang='lat' dir='ltr'><strong>Brachylli</strong></span> <span class='ocrx_word' id='word_1_132' title='bbox 565 1763 733 1826; x_wconf 87' lang='lat' dir='ltr'><strong>Plutarchus</strong></span> <span class='ocrx_word' id='word_1_133' title='bbox 753 1764 918 1826; x_wconf 87' lang='lat' dir='ltr'><strong>mentionem</strong></span> <span class='ocrx_word' id='word_1_134' title='bbox 939 1764 1015 1830; x_wconf 82' lang='lat' dir='ltr'><strong>lacit.</strong></span> <span class='ocrx_word' id='word_1_135' title='bbox 1059 1765 1203 1848; x_wconf 84' lang='lat' dir='ltr'><strong>Taylocns</strong></span> <span class='ocrx_word' id='word_1_136' title='bbox 1224 1766 1289 1851; x_wconf 85' lang='lat' dir='ltr'><strong>qui-</strong></span> 
     </span>
     <span class='ocr_line' id='line_1_18' title="bbox 239 1848 1287 1937; baseline -0.008 -20"><span class='ocrx_word' id='word_1_137' title='bbox 239 1857 313 1932; x_wconf 90' lang='lat' dir='ltr'><strong>dem,</strong></span> <span class='ocrx_word' id='word_1_138' title='bbox 335 1853 416 1935; x_wconf 88' lang='lat' dir='ltr'><strong>enjus</strong></span> <span class='ocrx_word' id='word_1_139' title='bbox 437 1848 603 1912; x_wconf 86' lang='lat' dir='ltr'><strong>seutentiam</strong></span> <span class='ocrx_word' id='word_1_140' title='bbox 624 1848 772 1931; x_wconf 70' lang='lat' dir='ltr'><strong>amplexus</strong></span> <span class='ocrx_word' id='word_1_141' title='bbox 801 1858 845 1912; x_wconf 80' lang='lat' dir='ltr'><strong>est</strong></span> <span class='ocrx_word' id='word_1_142' title='bbox 871 1849 1027 1930; x_wconf 73' lang='lat' dir='ltr'><strong>Francius,</strong></span> <span class='ocrx_word' id='word_1_143' title='bbox 1055 1855 1194 1916; x_wconf 88' lang='lat' dir='ltr'><strong>contendit</strong></span> <span class='ocrx_word' id='word_1_144' title='bbox 1223 1855 1287 1937; x_wconf 84' lang='lat' dir='ltr'><strong>Ly.</strong></span> 
     </span>
     <span class='ocr_line' id='line_1_19' title="bbox 239 1934 1297 2020; baseline -0.001 -16"><span class='ocrx_word' id='word_1_145' title='bbox 239 1939 312 2005; x_wconf 87' lang='lat' dir='ltr'><strong>siam</strong></span> <span class='ocrx_word' id='word_1_146' title='bbox 332 1936 513 2018; x_wconf 78' lang='lat' dir='ltr'><strong>Brachyllem</strong></span> <span class='ocrx_word' id='word_1_147' title='bbox 533 1934 648 1996; x_wconf 78' lang='lat' dir='ltr'><strong>fratrem</strong></span> <span class='ocrx_word' id='word_1_148' title='bbox 669 1956 723 1997; x_wconf 88' lang='lat' dir='ltr'><strong>non</strong></span> <span class='ocrx_word' id='word_1_149' title='bbox 754 1935 905 2013; x_wconf 84' lang='lat' dir='ltr'><strong>habuisse,</strong></span> <span class='ocrx_word' id='word_1_150' title='bbox 933 1938 1005 2017; x_wconf 85' lang='lat' dir='ltr'><strong>qnod</strong></span> <span class='ocrx_word' id='word_1_151' title='bbox 1031 1935 1185 2020; x_wconf 87' lang='lat' dir='ltr'><strong>Dionysius</strong></span> <span class='ocrx_word' id='word_1_152' title='bbox 1211 1941 1297 2007; x_wconf 62' lang='lat' dir='ltr'><strong>cefaz·¹</strong></span> 
     </span>
     <span class='ocr_line' id='line_1_20' title="bbox 238 2011 1292 2109; baseline 0.001 -21"><span class='ocrx_word' id='word_1_153' title='bbox 238 2036 294 2105; x_wconf 78' lang='lat' dir='ltr'><strong>rat,</strong></span> <span class='ocrx_word' id='word_1_154' title='bbox 321 2015 453 2096; x_wconf 73' lang='grc' dir='ltr'><em>Λυσίὰς</em></span> <span class='ocrx_word' id='word_1_155' title='bbox 473 2013 574 2109; x_wconf 59' lang='grc' dir='ltr'><em>ᾤχετο</em></span> <span class='ocrx_word' id='word_1_156' title='bbox 587 2011 951 2104; x_wconf 64' lang='lat' dir='ltr'><strong>&#39;oiv&#39;oidchdoi&#39;c&#39;ldnnig</strong></span> <span class='ocrx_word' id='word_1_157' title='bbox 978 2023 1028 2084; x_wconf 90' lang='lat' dir='ltr'><strong>sed</strong></span> <span class='ocrx_word' id='word_1_158' title='bbox 1058 2022 1136 2087; x_wconf 88' lang='lat' dir='ltr'><strong>locus</strong></span> <span class='ocrx_word' id='word_1_159' title='bbox 1158 2024 1195 2085; x_wconf 85' lang='lat' dir='ltr'><strong>bil</strong></span> <span class='ocrx_word' id='word_1_160' title='bbox 1216 2044 1292 2106; x_wconf 53' lang='lat' dir='ltr'><strong>prox</strong></span> 
     </span>
     <span class='ocr_line' id='line_1_21' title="bbox 238 2106 1285 2193; baseline 0.004 -23"><span class='ocrx_word' id='word_1_161' title='bbox 238 2115 299 2176; x_wconf 86' lang='lat' dir='ltr'><strong>bat.</strong></span> <span class='ocrx_word' id='word_1_162' title='bbox 338 2110 465 2178; x_wconf 80' lang='lat' dir='ltr'><strong>Sidous</strong></span> <span class='ocrx_word' id='word_1_163' title='bbox 486 2118 600 2174; x_wconf 77' lang='lat' dir='ltr'><strong>tamum·</strong></span> <span class='ocrx_word' id='word_1_164' title='bbox 615 2108 716 2171; x_wconf 80' lang='lat' dir='ltr'><strong>tratres</strong></span> <span class='ocrx_word' id='word_1_165' title='bbox 736 2106 1025 2189; x_wconf 69' lang='lat' dir='ltr'><strong>laysiasbahnisset,</strong></span> <span class='ocrx_word' id='word_1_166' title='bbox 1043 2106 1197 2193; x_wconf 86' lang='lat' dir='ltr'><strong>Dionysius</strong></span> <span class='ocrx_word' id='word_1_167' title='bbox 1215 2124 1285 2192; x_wconf 87' lang='lat' dir='ltr'><strong>non,</strong></span> 
     </span>
     <span class='ocr_line' id='line_1_22' title="bbox 237 2183 1286 2278; baseline -0.002 -18"><span class='ocrx_word' id='word_1_168' title='bbox 237 2208 269 2265; x_wconf 89' lang='lat' dir='ltr'><strong>nt</strong></span> <span class='ocrx_word' id='word_1_169' title='bbox 282 2193 525 2278; x_wconf 47' lang='lat' dir='ltr'><strong>&#39;&#39;l&#39;ayloansvrelt</strong></span> <span class='ocrx_word' id='word_1_170' title='bbox 549 2186 612 2257; x_wconf 80' lang='lat' dir='ltr'><strong>obn</strong></span> <span class='ocrx_word' id='word_1_171' title='bbox 630 2183 786 2277; x_wconf 68' lang='grc' dir='ltr'><strong>ἀδελφῶν</strong></span> <span class='ocrx_word' id='word_1_172' title='bbox 809 2185 903 2272; x_wconf 78' lang='lat' dir='ltr'><strong>dvnl,</strong></span> <span class='ocrx_word' id='word_1_173' title='bbox 932 2198 981 2261; x_wconf 90' lang='lat' dir='ltr'><strong>sed</strong></span> <span class='ocrx_word' id='word_1_174' title='bbox 1008 2187 1072 2256; x_wconf 81' lang='grc' dir='ltr'><strong>σὺν</strong></span> <span class='ocrx_word' id='word_1_175' title='bbox 1096 2194 1167 2271; x_wconf 83' lang='grc' dir='ltr'><strong><em>τοῖς</em></strong></span> <span class='ocrx_word' id='word_1_176' title='bbox 1186 2192 1286 2263; x_wconf 77' lang='grc' dir='ltr'><em>δυσὶν</em></span> 
     </span>
     <span class='ocr_line' id='line_1_23' title="bbox 238 2275 1285 2368; baseline 0.004 -24"><span class='ocrx_word' id='word_1_177' title='bbox 238 2275 398 2368; x_wconf 70' lang='grc' dir='ltr'><strong>ἀδελφοῖς</strong></span> <span class='ocrx_word' id='word_1_178' title='bbox 418 2280 537 2348; x_wconf 57' lang='lat' dir='ltr'><strong>&amp;hehet</strong></span> <span class='ocrx_word' id='word_1_179' title='bbox 556 2279 677 2347; x_wconf 82' lang='lat' dir='ltr'><strong>seribere</strong></span> <span class='ocrx_word' id='word_1_180' title='bbox 687 2278 738 2360; x_wconf 85' lang='lat'><strong>²)..</strong></span> <span class='ocrx_word' id='word_1_181' title='bbox 768 2279 967 2343; x_wconf 85' lang='lat' dir='ltr'><strong>Polemarchus</strong></span> <span class='ocrx_word' id='word_1_182' title='bbox 987 2279 1190 2364; x_wconf 56' lang='lat' dir='ltr'><strong>philosophum,</strong></span> <span class='ocrx_word' id='word_1_183' title='bbox 1202 2304 1285 2366; x_wconf 85' lang='lat' dir='ltr'><strong>quem</strong></span> 
     </span>
     <span class='ocr_line' id='line_1_24' title="bbox 235 2362 1299 2448; baseline 0.001 -15"><span class='ocrx_word' id='word_1_184' title='bbox 235 2368 318 2435; x_wconf 79' lang='lat' dir='ltr'><strong>Plato</strong></span> <span class='ocrx_word' id='word_1_185' title='bbox 337 2368 421 2431; x_wconf 81' lang='lat' dir='ltr'><strong>etism</strong></span> <span class='ocrx_word' id='word_1_186' title='bbox 440 2367 469 2428; x_wconf 81' lang='lat' dir='ltr'><strong>is</strong></span> <span class='ocrx_word' id='word_1_187' title='bbox 490 2364 620 2431; x_wconf 75' lang='lat' dir='ltr'><strong>Phaedro</strong></span> <span class='ocrx_word' id='word_1_188' title='bbox 641 2385 671 2446; x_wconf 88' lang='lat' dir='ltr'><strong>p.</strong></span> <span class='ocrx_word' id='word_1_189' title='bbox 689 2362 766 2433; x_wconf 78' lang='lat'><strong>257.</strong></span> <span class='ocrx_word' id='word_1_190' title='bbox 779 2368 835 2444; x_wconf 72' lang='lat' dir='ltr'><strong>tn,</strong></span> <span class='ocrx_word' id='word_1_191' title='bbox 858 2365 972 2440; x_wconf 73' lang='lat' dir='ltr'><strong>Stridens,</strong></span> <span class='ocrx_word' id='word_1_192' title='bbox 991 2365 1186 2448; x_wconf 83' lang='lat' dir='ltr'><strong>Harpocratio,</strong></span> <span class='ocrx_word' id='word_1_193' title='bbox 1208 2370 1299 2441; x_wconf 64' lang='lat' dir='ltr'><strong>Pho-2</strong></span> 
     </span>
     <span class='ocr_line' id='line_1_25' title="bbox 236 2450 1285 2536; baseline -0.001 -17"><span class='ocrx_word' id='word_1_194' title='bbox 236 2451 332 2536; x_wconf 67' lang='lat' dir='ltr'><strong>tinae)</strong></span> <span class='ocrx_word' id='word_1_195' title='bbox 351 2454 466 2518; x_wconf 77' lang='lat' dir='ltr'><strong>iraham</strong></span> <span class='ocrx_word' id='word_1_196' title='bbox 487 2450 595 2534; x_wconf 72' lang='lat' dir='ltr'><strong>tysim</strong></span> <span class='ocrx_word' id='word_1_197' title='bbox 613 2459 728 2528; x_wconf 81' lang='lat' dir='ltr'><strong>rocam,</strong></span> <span class='ocrx_word' id='word_1_198' title='bbox 747 2470 810 2513; x_wconf 79' lang='lat' dir='ltr'><strong>ntum</strong></span> <span class='ocrx_word' id='word_1_199' title='bbox 829 2451 921 2532; x_wconf 72' lang='lat' dir='ltr'><strong>Lysia</strong></span> <span class='ocrx_word' id='word_1_200' title='bbox 942 2451 1069 2515; x_wconf 79' lang='lat' dir='ltr'><strong>Thurios</strong></span> <span class='ocrx_word' id='word_1_201' title='bbox 1091 2454 1285 2536; x_wconf 76' lang='lat' dir='ltr'><strong>commigrauit</strong></span> 
     </span>
     <span class='ocr_line' id='line_1_26' title="bbox 235 2532 1284 2623; baseline 0.003 -21"><span class='ocrx_word' id='word_1_202' title='bbox 235 2550 320 2623; x_wconf 83' lang='lat' dir='ltr'><strong>atquc</strong></span> <span class='ocrx_word' id='word_1_203' title='bbox 347 2538 414 2604; x_wconf 90' lang='lat' dir='ltr'><strong>inde</strong></span> <span class='ocrx_word' id='word_1_204' title='bbox 443 2546 542 2618; x_wconf 81' lang='lat' dir='ltr'><strong>postea</strong></span> <span class='ocrx_word' id='word_1_205' title='bbox 570 2532 610 2599; x_wconf 88' lang='lat' dir='ltr'><strong>nti</strong></span> <span class='ocrx_word' id='word_1_206' title='bbox 637 2533 747 2616; x_wconf 75' lang='lat' dir='ltr'><strong>Lysias</strong></span> <span class='ocrx_word' id='word_1_207' title='bbox 772 2536 898 2600; x_wconf 72' lang='lat' dir='ltr'><strong>Athenas</strong></span> <span class='ocrx_word' id='word_1_208' title='bbox 926 2535 1040 2601; x_wconf 37' lang='lat' dir='ltr'><strong>rediitf</strong></span> <span class='ocrx_word' id='word_1_209' title='bbox 1067 2538 1142 2602; x_wconf 88' lang='lat' dir='ltr'><strong>Num</strong></span> <span class='ocrx_word' id='word_1_210' title='bbox 1172 2541 1217 2603; x_wconf 90' lang='lat' dir='ltr'><strong>hie</strong></span> <span class='ocrx_word' id='word_1_211' title='bbox 1244 2541 1284 2605; x_wconf 89' lang='lat' dir='ltr'><strong>sit</strong></span> 
     </span>
     <span class='ocr_line' id='line_1_27' title="bbox 228 2619 1285 2703; baseline -0.002 -13"><span class='ocrx_word' id='word_1_212' title='bbox 228 2624 437 2690; x_wconf 73' lang='lat' dir='ltr'><strong>=Polemarcbns</strong></span> <span class='ocrx_word' id='word_1_213' title='bbox 456 2620 508 2685; x_wconf 76' lang='lat' dir='ltr'><strong>ille</strong></span> <span class='ocrx_word' id='word_1_214' title='bbox 524 2619 605 2703; x_wconf 84' lang='lat' dir='ltr'><strong>eujus</strong></span> <span class='ocrx_word' id='word_1_215' title='bbox 624 2640 726 2684; x_wconf 83' lang='lat' dir='ltr'><strong>seruus</strong></span> <span class='ocrx_word' id='word_1_216' title='bbox 744 2620 954 2691; x_wconf 66' lang='lat' dir='ltr'><strong>somnusue</strong></span> <span class='ocrx_word' id='word_1_217' title='bbox 973 2623 1003 2685; x_wconf 90' lang='lat' dir='ltr'><strong>ln</strong></span> <span class='ocrx_word' id='word_1_218' title='bbox 1024 2624 1132 2688; x_wconf 82' lang='lat' dir='ltr'><strong>audone</strong></span> <span class='ocrx_word' id='word_1_219' title='bbox 1152 2627 1191 2688; x_wconf 86' lang='lat' dir='ltr'><strong>de</strong></span> <span class='ocrx_word' id='word_1_220' title='bbox 1208 2625 1285 2690; x_wconf 86' lang='lat' dir='ltr'><strong>Her-</strong></span> 
     </span>
     <span class='ocr_line' id='line_1_28' title="bbox 235 2705 1283 2795; baseline -0.008 -22"><span class='ocrx_word' id='word_1_221' title='bbox 235 2711 296 2775; x_wconf 79' lang='lat' dir='ltr'><strong>mis-</strong></span> <span class='ocrx_word' id='word_1_222' title='bbox 311 2708 445 2773; x_wconf 86' lang='lat' dir='ltr'><strong>mutilatis</strong></span> <span class='ocrx_word' id='word_1_223' title='bbox 464 2705 589 2770; x_wconf 85' lang='lat' dir='ltr'><strong>iastittrta</strong></span> <span class='ocrx_word' id='word_1_224' title='bbox 616 2726 733 2786; x_wconf 72' lang='lat' dir='ltr'><strong>goarem</strong></span> <span class='ocrx_word' id='word_1_225' title='bbox 761 2727 909 2789; x_wconf 84' lang='lat' dir='ltr'><strong>personam</strong></span> <span class='ocrx_word' id='word_1_226' title='bbox 938 2708 1084 2789; x_wconf 86' lang='lat' dir='ltr'><strong>sustinuit,</strong></span> <span class='ocrx_word' id='word_1_227' title='bbox 1110 2710 1163 2788; x_wconf 77' lang='lat' dir='ltr'><strong>(cl.</strong></span> <span class='ocrx_word' id='word_1_228' title='bbox 1185 2710 1283 2795; x_wconf 79' lang='lat' dir='ltr'><strong>Droy.</strong></span> 
     </span>
    </p>
   </div>
   <div class='ocr_carea' id='block_1_3' title="bbox 121 2790 1283 2879">
    <p class='ocr_par' dir='ltr' id='par_1_4' title="bbox 121 2790 1283 2879">
     <span class='ocr_line' id='line_1_29' title="bbox 121 2790 1283 2879; baseline -0.005 -19"><span class='ocrx_word' id='word_1_229' title='bbox 121 2802 129 2812; x_wconf 90' lang='lat'><em>&#39;</em></span> <span class='ocrx_word' id='word_1_230' title='bbox 236 2817 297 2860; x_wconf 89' lang='lat' dir='ltr'><strong>sen.</strong></span> <span class='ocrx_word' id='word_1_231' title='bbox 318 2797 356 2858; x_wconf 93' lang='lat' dir='ltr'><strong>de</strong></span> <span class='ocrx_word' id='word_1_232' title='bbox 376 2792 465 2858; x_wconf 78' lang='lat' dir='ltr'><strong>Arist.</strong></span> <span class='ocrx_word' id='word_1_233' title='bbox 486 2793 542 2857; x_wconf 74' lang='lat' dir='ltr'><strong>hu.</strong></span> <span class='ocrx_word' id='word_1_234' title='bbox 565 2802 593 2856; x_wconf 89' lang='lat' dir='ltr'><strong>cl</strong></span> <span class='ocrx_word' id='word_1_235' title='bbox 612 2792 710 2855; x_wconf 86' lang='lat' dir='ltr'><strong>Herm.</strong></span> <span class='ocrx_word' id='word_1_236' title='bbox 734 2812 765 2872; x_wconf 90' lang='lat' dir='ltr'><strong>p.</strong></span> <span class='ocrx_word' id='word_1_237' title='bbox 784 2790 853 2869; x_wconf 66' lang='lat'><strong>32)</strong></span> <span class='ocrx_word' id='word_1_238' title='bbox 874 2816 930 2857; x_wconf 91' lang='lat' dir='ltr'><strong>nou</strong></span> <span class='ocrx_word' id='word_1_239' title='bbox 952 2805 1083 2877; x_wconf 86' lang='lat' dir='ltr'><strong>apparet,</strong></span> <span class='ocrx_word' id='word_1_240' title='bbox 1110 2796 1177 2879; x_wconf 86' lang='lat' dir='ltr'><strong>quie</strong></span> <span class='ocrx_word' id='word_1_241' title='bbox 1195 2797 1283 2865; x_wconf 77' lang='lat' dir='ltr'><strong>Pola.</strong></span> 
     </span>
    </p>
   </div>
   <div class='ocr_carea' id='block_1_4' title="bbox 235 2877 1280 2961">
    <p class='ocr_par' dir='ltr' id='par_1_5' title="bbox 235 2877 1280 2961">
     <span class='ocr_line' id='line_1_30' title="bbox 235 2877 1280 2961; baseline 0.007 -17"><span class='ocrx_word' id='word_1_242' title='bbox 235 2883 381 2946; x_wconf 76' lang='lat' dir='ltr'><strong>marchum</strong></span> <span class='ocrx_word' id='word_1_243' title='bbox 402 2900 467 2942; x_wconf 85' lang='lat' dir='ltr'><strong>cnm</strong></span> <span class='ocrx_word' id='word_1_244' title='bbox 487 2877 578 2961; x_wconf 85' lang='lat' dir='ltr'><strong>Lysia</strong></span> <span class='ocrx_word' id='word_1_245' title='bbox 597 2880 707 2941; x_wconf 89' lang='lat' dir='ltr'><strong>demum</strong></span> <span class='ocrx_word' id='word_1_246' title='bbox 727 2879 877 2943; x_wconf 80' lang='lat' dir='ltr'><strong>revertisse</strong></span> <span class='ocrx_word' id='word_1_247' title='bbox 897 2880 978 2943; x_wconf 89' lang='lat' dir='ltr'><strong>nohis</strong></span> <span class='ocrx_word' id='word_1_248' title='bbox 998 2901 1053 2942; x_wconf 91' lang='lat' dir='ltr'><strong>non</strong></span> <span class='ocrx_word' id='word_1_249' title='bbox 1074 2884 1204 2945; x_wconf 77' lang='lat' dir='ltr'><strong>traditum</strong></span> <span class='ocrx_word' id='word_1_250' title='bbox 1225 2897 1280 2950; x_wconf 78' lang='lat' dir='ltr'><strong>este</strong></span> 
     </span>
    </p>
   </div>
   <div class='ocr_carea' id='block_1_5' title="bbox 112 2964 1281 3050">
    <p class='ocr_par' dir='ltr' id='par_1_6' title="bbox 112 2964 1281 3050">
     <span class='ocr_line' id='line_1_31' title="bbox 112 2964 1281 3050; baseline 0.051 -75"><span class='ocrx_word' id='word_1_251' title='bbox 112 2972 115 2975; x_wconf 87' lang='lat'>.</span> <span class='ocrx_word' id='word_1_252' title='bbox 235 2966 357 3033; x_wconf 58' lang='lat' dir='ltr'><strong>Emi</strong></span> <span class='ocrx_word' id='word_1_253' title='bbox 390 2986 457 3030; x_wconf 59' lang='lat' dir='ltr'><strong>m,</strong></span> <span class='ocrx_word' id='word_1_254' title='bbox 486 2975 642 3039; x_wconf 61' lang='lat' dir='ltr'><strong>mma,</strong></span> <span class='ocrx_word' id='word_1_255' title='bbox 676 2964 775 3046; x_wconf 83' lang='lat' dir='ltr'><strong>quales</strong></span> <span class='ocrx_word' id='word_1_256' title='bbox 802 2967 832 3029; x_wconf 92' lang='lat' dir='ltr'><strong>in</strong></span> <span class='ocrx_word' id='word_1_257' title='bbox 853 2966 1060 3048; x_wconf 76' lang='lat' dir='ltr'><strong>rempublicam</strong></span> <span class='ocrx_word' id='word_1_258' title='bbox 1086 2971 1281 3050; x_wconf 85' lang='lat' dir='ltr'><strong>praebuissent</strong></span> 
     </span>
    </p>
   </div>
   <div class='ocr_carea' id='block_1_6' title="bbox 234 3048 1281 3393">
    <p class='ocr_par' dir='ltr' id='par_1_7' title="bbox 234 3048 1281 3393">
     <span class='ocr_line' id='line_1_32' title="bbox 235 3048 1281 3132; baseline 0.002 -15"><span class='ocrx_word' id='word_1_259' title='bbox 235 3073 329 3117; x_wconf 77' lang='lat' dir='ltr'><strong>mores</strong></span> <span class='ocrx_word' id='word_1_260' title='bbox 349 3052 450 3114; x_wconf 79' lang='lat' dir='ltr'><strong>iratres</strong></span> <span class='ocrx_word' id='word_1_261' title='bbox 470 3048 535 3113; x_wconf 90' lang='lat' dir='ltr'><strong>inde</strong></span> <span class='ocrx_word' id='word_1_262' title='bbox 550 3049 754 3130; x_wconf 68' lang='lat' dir='ltr'><strong>necolliyeres,</strong></span> <span class='ocrx_word' id='word_1_263' title='bbox 775 3052 958 3132; x_wconf 86' lang='lat' dir='ltr'><strong>nequeenim</strong></span> <span class='ocrx_word' id='word_1_264' title='bbox 979 3052 1056 3116; x_wconf 89' lang='lat' dir='ltr'><strong>aliud</strong></span> <span class='ocrx_word' id='word_1_265' title='bbox 1076 3063 1119 3117; x_wconf 90' lang='lat' dir='ltr'><strong>est</strong></span> <span class='ocrx_word' id='word_1_266' title='bbox 1140 3054 1194 3119; x_wconf 85' lang='lat' dir='ltr'><strong>nisi</strong></span> <span class='ocrx_word' id='word_1_267' title='bbox 1214 3077 1281 3122; x_wconf 88' lang='lat' dir='ltr'><strong>ser·</strong></span> 
     </span>
     <span class='ocr_line' id='line_1_33' title="bbox 234 3134 1281 3221; baseline 0.002 -18"><span class='ocrx_word' id='word_1_268' title='bbox 234 3150 288 3203; x_wconf 82' lang='lat' dir='ltr'><strong>unte</strong></span> <span class='ocrx_word' id='word_1_269' title='bbox 309 3137 389 3221; x_wconf 84' lang='lat' dir='ltr'><strong>cnjus</strong></span> <span class='ocrx_word' id='word_1_270' title='bbox 409 3156 497 3200; x_wconf 85' lang='lat' dir='ltr'><strong>eatrsa</strong></span> <span class='ocrx_word' id='word_1_271' title='bbox 516 3134 715 3201; x_wconf 85' lang='lat' dir='ltr'><strong>Polemarehus</strong></span> <span class='ocrx_word' id='word_1_272' title='bbox 736 3139 773 3199; x_wconf 86' lang='lat' dir='ltr'><strong>ab</strong></span> <span class='ocrx_word' id='word_1_273' title='bbox 792 3136 936 3202; x_wconf 76' lang='lat' dir='ltr'><strong>Andocide</strong></span> <span class='ocrx_word' id='word_1_274' title='bbox 956 3151 1193 3209; x_wconf 84' lang='lat' dir='ltr'><strong>commemoratur.</strong></span> <span class='ocrx_word' id='word_1_275' title='bbox 1235 3142 1281 3207; x_wconf 85' lang='lat' dir='ltr'><strong>De</strong></span> 
     </span>
     <span class='ocr_line' id='line_1_34' title="bbox 236 3221 1280 3311; baseline 0.004 -22"><span class='ocrx_word' id='word_1_276' title='bbox 236 3224 335 3289; x_wconf 77' lang='lat' dir='ltr'><strong>cotecis</strong></span> <span class='ocrx_word' id='word_1_277' title='bbox 355 3223 464 3306; x_wconf 86' lang='lat' dir='ltr'><strong>Lysiae</strong></span> <span class='ocrx_word' id='word_1_278' title='bbox 484 3221 619 3287; x_wconf 83' lang='lat' dir='ltr'><strong>iratribus</strong></span> <span class='ocrx_word' id='word_1_279' title='bbox 638 3222 705 3285; x_wconf 87' lang='lat' dir='ltr'><strong>nihil</strong></span> <span class='ocrx_word' id='word_1_280' title='bbox 728 3230 821 3286; x_wconf 77' lang='lat' dir='ltr'><strong>noto·</strong></span> <span class='ocrx_word' id='word_1_281' title='bbox 848 3235 914 3301; x_wconf 91' lang='lat' dir='ltr'><strong>est,</strong></span> <span class='ocrx_word' id='word_1_282' title='bbox 942 3224 994 3290; x_wconf 86' lang='lat' dir='ltr'><strong>nisi</strong></span> <span class='ocrx_word' id='word_1_283' title='bbox 1021 3223 1140 3289; x_wconf 85' lang='lat' dir='ltr'><strong>alterurn</strong></span> <span class='ocrx_word' id='word_1_284' title='bbox 1170 3246 1280 3311; x_wconf 86' lang='lat' dir='ltr'><strong>queque</strong></span> 
     </span>
     <span class='ocr_line' id='line_1_35' title="bbox 234 3309 1216 3393; baseline 0.005 -17"><span class='ocrx_word' id='word_1_285' title='bbox 234 3309 362 3377; x_wconf 74' lang='lat' dir='ltr'><strong>uncam</strong></span> <span class='ocrx_word' id='word_1_286' title='bbox 382 3328 447 3375; x_wconf 85' lang='lat' dir='ltr'><strong>esse</strong></span> <span class='ocrx_word' id='word_1_287' title='bbox 466 3309 637 3392; x_wconf 65' lang='lat' dir='ltr'><strong>proleetnmt</strong></span> <span class='ocrx_word' id='word_1_288' title='bbox 658 3309 710 3372; x_wconf 87' lang='lat' dir='ltr'><strong>sed</strong></span> <span class='ocrx_word' id='word_1_289' title='bbox 733 3328 768 3371; x_wconf 90' lang='lat' dir='ltr'><strong>ne</strong></span> <span class='ocrx_word' id='word_1_290' title='bbox 788 3317 848 3373; x_wconf 89' lang='lat' dir='ltr'><strong>nter</strong></span> <span class='ocrx_word' id='word_1_291' title='bbox 867 3309 978 3393; x_wconf 83' lang='lat' dir='ltr'><strong>quidem</strong></span> <span class='ocrx_word' id='word_1_292' title='bbox 997 3309 1082 3377; x_wconf 86' lang='lat' dir='ltr'><strong>inerit</strong></span> <span class='ocrx_word' id='word_1_293' title='bbox 1101 3311 1216 3381; x_wconf 86' lang='lat' dir='ltr'><strong>seimus.</strong></span> 
     </span>
    </p>
   </div>
   <div class='ocr_carea' id='block_1_7' title="bbox 317 3472 1280 3680">
    <p class='ocr_par' dir='ltr' id='par_1_8' title="bbox 317 3472 1280 3680">
     <span class='ocr_line' id='line_1_36' title="bbox 720 3472 803 3543; baseline 0 0"><span class='ocrx_word' id='word_1_294' title='bbox 720 3525 729 3543; x_wconf 92' lang='lat'><strong>.</strong></span> <span class='ocrx_word' id='word_1_295' title='bbox 761 3472 803 3543; x_wconf 75' lang='lat'><strong>2.</strong></span> 
     </span>
     <span class='ocr_line' id='line_1_37' title="bbox 317 3474 1280 3680; baseline 0.004 -21"><span class='ocrx_word' id='word_1_296' title='bbox 317 3594 424 3680; x_wconf 84' lang='lat' dir='ltr'><strong>Lysias</strong></span> <span class='ocrx_word' id='word_1_297' title='bbox 452 3604 536 3660; x_wconf 87' lang='lat' dir='ltr'><strong>natus</strong></span> <span class='ocrx_word' id='word_1_298' title='bbox 555 3606 599 3660; x_wconf 90' lang='lat' dir='ltr'><strong>cst</strong></span> <span class='ocrx_word' id='word_1_299' title='bbox 619 3474 738 3660; x_wconf 68' lang='lat' dir='ltr'><strong>Athedis</strong></span> <span class='ocrx_word' id='word_1_300' title='bbox 749 3594 780 3678; x_wconf 82' lang='lat'><strong>⁴)</strong></span> <span class='ocrx_word' id='word_1_301' title='bbox 799 3606 827 3662; x_wconf 89' lang='lat' dir='ltr'><strong>et</strong></span> <span class='ocrx_word' id='word_1_302' title='bbox 846 3597 1022 3666; x_wconf 80' lang='lat' dir='ltr'><strong>Atheniensis</strong></span> <span class='ocrx_word' id='word_1_303' title='bbox 1033 3581 1037 3589; x_wconf 60' lang='grc'><strong>’</strong></span> <span class='ocrx_word' id='word_1_304' title='bbox 1049 3596 1146 3664; x_wconf 83' lang='lat' dir='ltr'><strong>noceri</strong></span> <span class='ocrx_word' id='word_1_305' title='bbox 1170 3596 1280 3664; x_wconf 76' lang='lat' dir='ltr'><strong>samm</strong></span> 
     </span>
    </p>
   </div>
   <div class='ocr_carea' id='block_1_8' title="bbox 237 3717 437 3742">
    <p class='ocr_par' dir='ltr' id='par_1_9' title="bbox 237 3717 437 3742">
     <span class='ocr_line' id='line_1_38' title="bbox 237 3717 437 3742; baseline -0.01 -4"><span class='ocrx_word' id='word_1_306' title='bbox 237 3717 437 3742; x_wconf 48' lang='grc' dir='ltr'><strong>μ</strong></span> 
     </span>
    </p>
   </div>
   <div class='ocr_carea' id='block_1_9' title="bbox 213 3790 1281 4150">
    <p class='ocr_par' dir='ltr' id='par_1_10' title="bbox 213 3790 1281 4150">
     <span class='ocr_line' id='line_1_39' title="bbox 272 3790 840 3869; baseline 0.007 -17"><span class='ocrx_word' id='word_1_307' title='bbox 272 3802 298 3866; x_wconf 87' lang='lat'><strong>¹)</strong></span> <span class='ocrx_word' id='word_1_308' title='bbox 316 3797 353 3855; x_wconf 83' lang='lat' dir='ltr'><strong>cl.</strong></span> <span class='ocrx_word' id='word_1_309' title='bbox 374 3797 495 3856; x_wconf 78' lang='lat' dir='ltr'><strong>Bocchla.</strong></span> <span class='ocrx_word' id='word_1_310' title='bbox 512 3799 581 3860; x_wconf 73' lang='lat' dir='ltr'><strong>occ.</strong></span> <span class='ocrx_word' id='word_1_311' title='bbox 598 3802 653 3859; x_wconf 72' lang='lat' dir='ltr'><strong>aiut</strong></span> <span class='ocrx_word' id='word_1_312' title='bbox 672 3801 698 3869; x_wconf 89' lang='lat'><strong>1,</strong></span> <span class='ocrx_word' id='word_1_313' title='bbox 716 3796 778 3856; x_wconf 77' lang='lat'><strong>155.</strong></span> <span class='ocrx_word' id='word_1_314' title='bbox 838 3790 840 3799; x_wconf 64' lang='grc'>’</span> 
     </span>
     <span class='ocr_line' id='line_1_40' title="bbox 270 3868 814 3942; baseline 0.009 -19"><span class='ocrx_word' id='word_1_315' title='bbox 270 3869 299 3938; x_wconf 81' lang='lat'><strong>¹)</strong></span> <span class='ocrx_word' id='word_1_316' title='bbox 314 3870 350 3924; x_wconf 80' lang='lat' dir='ltr'><strong>cl.</strong></span> <span class='ocrx_word' id='word_1_317' title='bbox 369 3868 495 3942; x_wconf 71' lang='lat' dir='ltr'><strong>Spengel.</strong></span> <span class='ocrx_word' id='word_1_318' title='bbox 511 3889 603 3941; x_wconf 67' lang='lat' dir='ltr'><strong>envoy.</strong></span> <span class='ocrx_word' id='word_1_319' title='bbox 619 3893 688 3940; x_wconf 67' lang='lat' dir='ltr'><strong>seps·</strong></span> <span class='ocrx_word' id='word_1_320' title='bbox 704 3886 734 3941; x_wconf 76' lang='lat' dir='ltr'><strong>p.</strong></span> <span class='ocrx_word' id='word_1_321' title='bbox 753 3869 814 3929; x_wconf 76' lang='grc'><strong>133.</strong></span> 
     </span>
     <span class='ocr_line' id='line_1_41' title="bbox 213 3938 1280 4014; baseline 0.001 -19"><span class='ocrx_word' id='word_1_322' title='bbox 213 3946 220 3970; x_wconf 62' lang='lat'>⁸</span> <span class='ocrx_word' id='word_1_323' title='bbox 271 3944 298 4006; x_wconf 81' lang='lat'><strong>⁸)</strong></span> <span class='ocrx_word' id='word_1_324' title='bbox 316 3938 395 3997; x_wconf 84' lang='lat' dir='ltr'><strong>Snid.</strong></span> <span class='ocrx_word' id='word_1_325' title='bbox 412 3941 502 4014; x_wconf 78' lang='lat' dir='ltr'><strong>Harp.</strong></span> <span class='ocrx_word' id='word_1_326' title='bbox 521 3943 601 3998; x_wconf 90' lang='lat' dir='ltr'><strong>l’hot.</strong></span> <span class='ocrx_word' id='word_1_327' title='bbox 616 3941 670 3998; x_wconf 82' lang='lat' dir='ltr'><strong>lex.</strong></span> <span class='ocrx_word' id='word_1_328' title='bbox 688 3957 714 3995; x_wconf 79' lang='lat' dir='ltr'><strong>r.</strong></span> <span class='ocrx_word' id='word_1_329' title='bbox 732 3944 913 4011; x_wconf 66' lang='grc' dir='ltr'><strong>Πολέμαρχος.</strong></span> <span class='ocrx_word' id='word_1_330' title='bbox 1275 3990 1280 3996; x_wconf 96' lang='grc'><em>.</em></span> 
     </span>
     <span class='ocr_line' id='line_1_42' title="bbox 272 4004 1281 4137; baseline 0.003 -76"><span class='ocrx_word' id='word_1_331' title='bbox 272 4009 464 4137; x_wconf 34' lang='lat' dir='ltr'><strong>&amp;haluwin</strong></span> <span class='ocrx_word' id='word_1_332' title='bbox 481 4013 561 4084; x_wconf 75' lang='lat' dir='ltr'><strong>hyat</strong></span> <span class='ocrx_word' id='word_1_333' title='bbox 587 4009 726 4084; x_wconf 63' lang='grc' dir='ltr'><strong>γενόμενος</strong></span> <span class='ocrx_word' id='word_1_334' title='bbox 737 4004 901 4084; x_wconf 56' lang='lat' dir='ltr'><strong>&#39;lodoycum</strong></span> <span class='ocrx_word' id='word_1_335' title='bbox 924 4006 1003 4068; x_wconf 81' lang='lat' dir='ltr'><strong>soit.</strong></span> <span class='ocrx_word' id='word_1_336' title='bbox 1021 4029 1047 4069; x_wconf 86' lang='lat' dir='ltr'><strong>u.</strong></span> <span class='ocrx_word' id='word_1_337' title='bbox 1065 4012 1169 4073; x_wconf 76' lang='lat' dir='ltr'><strong>Aetolae</strong></span> <span class='ocrx_word' id='word_1_338' title='bbox 1186 4012 1281 4095; x_wconf 59' lang='lat' dir='ltr'><strong>tolgan</strong></span> 
     </span>
     <span class='ocr_line' id='line_1_43' title="bbox 344 4099 499 4150; baseline 0.026 -17"><span class='ocrx_word' id='word_1_339' title='bbox 344 4099 356 4133; x_wconf 77' lang='grc' dir='ltr'><em>ν</em></span> <span class='ocrx_word' id='word_1_340' title='bbox 425 4101 499 4150; x_wconf 66' lang='lat' dir='ltr'><strong>aanor</strong></span> 
     </span>
    </p>
   </div>
   <div class='ocr_carea' id='block_1_10' title="bbox 0 0 1450 4684">
    <p class='ocr_par' dir='ltr' id='par_1_11' title="bbox 0 0 1450 4684">
     <span class='ocr_line' id='line_1_44' title="bbox 0 0 1450 4684; baseline 0 5"><span class='ocrx_word' id='word_1_341' title='bbox 0 0 1450 4684; x_wconf 95' lang='lat' dir='ltr'><strong> </strong></span> 
     </span>
    </p>
   </div>
  </div>
 </body>
</html>
