2892 4684
278 313 329 388 tt

279 496 308 579 ᾗ.
330 490 418 575 41.)
464 490 612 575 'raylcros
640 490 714 573 qoud
744 488 790 551 lri'o
817 487 897 553 locus
932 486 1185 572 Pseudo-Lysiae
1210 492 1326 568 ulnam,

278 591 347 645 orat.
374 581 439 644 adr.
468 580 531 642 Alo.
561 575 694 640 Andocidi
715 577 908 657 abnegandam
924 596 994 638 esse
1021 577 1205 651 existimarim
1229 589 1329 638 contra

277 665 460 730 Rololmuius
482 676 584 740 mouet,
605 673 741 744 oratorem
764 676 793 722 nt
820 664 1011 723 accusatorem
1032 682 1116 743 quam
1144 656 1339 748 apscedam

277 756 369 816 dinero
390 753 518 828 debebat,
540 748 676 810 invidiose
696 739 892 829 ἀποδημίαν
918 749 1026 827 dicern3
1053 749 1125 829 quod
1147 750 1239 830 ipsum
1260 769 1330 810 mo-

281 852 326 899 net
346 834 586 899 Valckenaerius:
614 834 734 913 „dicere
767 834 851 914 potnit
876 833 1032 913 ingeniosus
1061 835 1167 917 lipsius
1186 834 1338 899 insidiose·

278 916 491 1008 oimodrppt'otv3
511 918 565 981 uisi
587 920 705 1001 publicis
729 921 812 981 rebus
834 939 866 981 se
893 918 1087 981 immiscuisset
1113 923 1156 981 tris
1177 922 1205 980 in
1228 920 1345 1001 regin--

277 1012 361 1072 ruitae
395 1008 554 1069 Andocides
587 1008 725 1088 quomodo
758 1004 812 1066 dici
844 1011 932 1086 potuit
967 1004 1032 1066 illas
1063 1001 1327 1088 conploratam&

278 1097 416 1159 Slniterus
441 1101 490 1175 (p.
522 1087 587 1173 15.)
617 1092 731 1153 miratur
758 1091 880 1153 uirorum
915 1089 1163 1171 sagacissimorum
1200 1104 1326 1156 onrtrnm

279 1180 526 1256 animadvertisse,
558 1199 612 1240 uon
654 1181 690 1241 de
715 1177 811 1239 eadem
839 1197 870 1238 rc
899 1176 975 1258 loqui
997 1189 1136 1257 emtores3
1166 1199 1220 1239 noo
1249 1181 1326 1242 enim

277 1264 539 1348 Pseudo-Lysiam
561 1283 652 1341 apere
678 1267 713 1326 de
743 1263 884 1343 legatione
909 1263 1067 1342 dardanidis,
1099 1266 1150 1326 sed
1178 1267 1213 1326 de
1240 1285 1327 1347 pere-

279 1353 438 1435 grinatione
457 1350 519 1432 ejus
538 1358 603 1432 pou't
626 1349 733 1429 pinculi
747 1369 817 1430 erga
837 1349 960 1411 Hermas
988 1349 1049 1411 sire
1069 1367 1166 1412 reram
1187 1351 1248 1412 sire
1268 1350 1326 1412 fal·

279 1460 341 1502 snm
362 1437 582 1516 accusationem
607 1435 660 1496 lroo
680 1434 753 1496 euim
775 1447 813 1496 e'x
833 1434 980 1511 regionum
994 1435 1160 1497 »diversitate
1177 1431 1324 1517 apparere,

192 1593 193 1602 χ
278 1543 341 1587 cnm
361 1544 432 1605 quas
453 1532 594 1583 enumeret
613 1521 728 1604 Lysias,
756 1521 989 1601 Peloponnesum,
1012 1520 1129 1596 leniam,
1151 1520 1275 1602 Cyprum
1296 1533 1326 1584 et

278 1610 405 1690 regiones
435 1608 615 1687 Hellesponto
646 1608 816 1689 adjacentem
846 1605 910 1666 exrd
941 1605 1039 1667 adierit
1059 1607 1242 1685 Andocides,
1270 1628 1324 1669 rrnu

277 1696 407 1776 logatnsg
431 1716 496 1755 nam
518 1694 555 1752 dn
574 1691 609 1758 iis
630 1692 652 1758 l.
676 1693 696 1757 la
718 1692 784 1753 ollrll
807 1690 898 1772 ipsum
920 1691 1035 1755 dixisse.
1079 1692 1217 1755 Sinitenns
1238 1693 1326 1772 igitur
1358 1697 1361 1704 ’

279 1784 331 1867 (p.
350 1778 428 1859 72.)
454 1788 589 1839 oratorem
617 1789 697 1857 putat
718 1783 753 1837 de
773 1776 821 1840 illo
850 1787 976 1857 tempore
995 1776 1069 1860 loqui
1091 1799 1145 1860 quo
1166 1780 1325 1845 Andocides

279 1866 395 1928 crimim
416 1864 582 1925 Hermnrum
595 1873 781 1925 truncatorum
803 1862 947 1924 absolutus
963 1873 1133 1926 mercaturae
1154 1883 1240 1928 eausa
1253 1864 1326 1930 aliem

278 1949 368 2013 terras
394 1949 491 2012 adierit
521 1949 574 2035 (de
603 1958 686 2031 nryst.
720 1947 749 2031 ᾗ.
774 1949 824 2011 13.
855 1949 1068 2032 Pseudo-Lym
1099 1950 1326 2033 §.19.,Pln.,
1372 1943 1374 1948 ’

279 2034 395 2120 Phua).
435 2034 523 2097 Recte
553 2054 620 2096 vero
646 2033 880 2116 Wyttenlrnchius
908 2035 998 2114 (bill.
1029 2036 1088 2100 crit.
1114 2034 1167 2114 lll,
1193 2038 1225 2115 3,
1246 2036 1326 2120 78.)

279 2123 384 2200 maurit,
405 2118 573 2203 legationem
591 2130 619 2181 et
639 2120 890 2203 peregrinationem
913 2120 1090 2184 dodomdise
1105 2120 1327 2205 Pseudo-Lysia

279 2207 422 2271 modendi.
470 2206 612 2270 Beckerus
638 2211 749 2289 quidem
779 2205 919 2268 contendit
947 2209 999 2288 (p.
1030 2207 1098 2283 12.)
1124 2208 1177 2270 hoc
1211 2212 1326 2273 obstare

279 2295 352 2375 qnod
381 2291 597 2355 Andocidesio
626 2313 679 2356 sun
710 2292 833 2354 oratione
861 2305 891 2353 ut
919 2290 1031 2372 legatus
1051 2293 1153 2356 civitati
1175 2294 1327 2375 profuisse,

277 2380 306 2442 in
326 2390 424 2442 nostra
444 2377 655 2441 remoratione
676 2379 832 2460 ubicunqne
853 2387 988 2440 terrarum
1009 2378 1085 2441 rualn
1104 2381 1259 2444 concitasse
1279 2382 1328 2444 di.

279 2477 376 2545 eatur3
397 2464 447 2526 sed
470 2465 522 2525 hnc
541 2484 640 2545 parom
663 2465 756 2545 refert,
784 2463 849 2547 quin
869 2465 1036 2526 Andocidem
1067 2483 1187 2548 unquam
1208 2469 1249 2528 rei
1269 2476 1327 2550 pn.

279 2551 378 2614 blanc
392 2548 533 2630 penituisse
561 2550 742 2611 adversarius
769 2568 885 2610 necesse
911 2559 972 2611 erat
992 2563 1117 2631 negaret,
1137 2551 1166 2613 id
1187 2556 1260 2633 qood
1280 2554 1328 2616 le-

278 2639 390 2716 gatione
412 2652 446 2695 ao
467 2633 687 2715 peregrinatione
707 2632 832 2696 contusis
852 2634 983 2699 facillime
1001 2646 1110 2719 poterut
1122 2637 1326 2721 demonstrare,

279 2717 452 2802 Andocides:
469 2730 561 2781 antem
587 2729 652 2802 post
681 2721 886 2783 accusationem
916 2740 1013 2784 omues
1040 2723 1169 2803 regiones
1190 2724 1327 2790 hocloco

279 2812 524 2886 commemoratos,
549 2804 690 2884 Siciliam.
716 2805 839 2885 Italiam,
867 2804 1102 2890 Peloponnesum,
1130 2809 1324 2891 Thessaliam,

277 2891 500 2975 Hellespontum,
520 2891 640 2969 doniam,
663 2892 788 2975 Cyprum
810 2890 915 2956 adiisse
934 2892 1010 2955 uallo
1030 2896 1092 2956 loce
1113 2895 1221 2958 dicitur.
1264 2895 1330 2960 (le-³

277 2989 375 3041 teram.
395 2976 520 3041 llleieros
550 2976 586 3042 V.
613 2977 659 3044 Ill.
681 2980 706 3042 si
728 3001 834 3043 aourrm
854 2975 1005 3043 Andocidis
1026 2978 1145 3042 rualem
1166 2990 1241 3046 recte
1261 2991 1325 3046 ste·

277 3063 342 3144 tait,
363 3071 438 3127 certe
459 3062 611 3125 orationem
633 3077 730 3128 eontra
757 3064 931 3127 Alcibiadem
954 3065 1003 3126 ille
1023 3085 1132 3148 quoqne
1151 3065 1233 3130 locus
1252 3087 1325 3152 spu.

278 3149 350 3214 rium
370 3149 472 3211 indicat
493 3149 609 3230 ideoque
628 3160 721 3213 orator
742 3163 837 3214 noster
857 3149 959 3231 optime
978 3162 1055 3213 esset
1075 3152 1195 3215 locutus.

249 3237 252 3244 “
336 3293 341 3300 .
361 3234 391 3319 ᾗ.
402 3233 433 3300 9.
446 3234 497 3314 (cl,
509 3234 538 3317 §
549 3229 603 3298 24.
618 3247 644 3297 et
659 3238 688 3321 §a
699 3236 781 3313 51).
805 3237 909 3298 Contra
925 3237 1092 3299 Andocidem
1106 3249 1251 3320 postquam
1266 3236 1326 3304 eti·

277 3318 351 3382 ariae
369 3320 538 3383 Hermaeum
556 3322 743 3386 mutilatorum
759 3322 905 3386 absolutus
921 3323 958 3384 sit
977 3322 1078 3385 sacuam
1100 3343 1165 3385 esse
1182 3327 1324 3406 quoddam

229 3401 233 3410 ’
276 3409 414 3469 decretum
428 3428 482 3488 quo
492 3420 631 3470 arceretur
640 3429 660 3471 a
669 3409 780 3491 templis
792 3408 907 3489 foroque
923 3408 986 3471 licet
1002 3429 1074 3472 unns
1089 3411 1169 3474 uobis
1181 3410 1217 3473 sit
1226 3422 1324 3475 auctor

277 3481 523 3575 Pseudo-Lysias
553 3492 612 3575 (cl.
638 3494 741 3557 Maior.
768 3495 804 3556 de
832 3497 897 3556 ton.
926 3495 1020 3559 damn.
1047 3517 1078 3594 p.
1107 3494 1197 3568 183.)
1218 3498 1322 3559 indicat

278 3587 369 3640 tamen
391 3578 453 3659 ipse
474 3580 630 3643 Andocides
652 3580 800 3662 (desedit.
823 3580 850 3661 ᾗ.
872 3574 933 3648 24:
954 3574 1168 3664 cepmpmpc
1183 3571 1322 3667 ὕστερον

276 3657 459 3743 ἀφείλεσθε
486 3684 516 3728 κ.
544 3684 574 3731 τ.
594 3662 648 3748 λ.)
674 3668 792 3748 jureque
813 3664 881 3726 illud
901 3666 1021 3748 colligas
1048 3687 1085 3728 ex
1105 3667 1198 3731 indole
1217 3679 1246 3730 et
1268 3689 1326 3731 ttu-¹

276 3754 339 3811 tura
359 3748 477 3813 actonis
496 3766 560 3833 pust
580 3749 697 3814 reditum
718 3753 854 3826 adversos
873 3749 951 3818 illum
978 3752 1132 3831 institutae,
1158 3748 1330 3834 indagatae

276 3836 394 3899 scilicet.
441 3837 507 3914 Qua
537 3836 643 3900 ratione
672 3839 792 3916 Athenis
822 3839 963 3916 decessit,
997 3858 1060 3900 cum
1094 3836 1149 3902 siut
1183 3832 1321 3921 etenim

276 3941 368 4000 poena
388 3918 498 4000 allecto,
520 3924 649 3986 omnibus
674 3922 774 3987 cirirm
792 3923 913 4011 juribus,
936 3923 1098 4004 praesertin
1115 3925 1182 4008 jure
1201 3923 1229 3986 iu
1249 3945 1321 3988 cou-

276 4004 349 4069 ciliie
376 4006 504 4089 loquendi
532 4008 660 4090 spoliato,
688 4010 717 4071 in
746 4010 874 4093 quemvis
899 4009 1237 4093 adversarium'iojurias
1265 4010 1320 4074 etti
1427 4037 1428 4058 t

276 4091 439 4158 intercutem
457 4094 597 4166 actionem
618 4096 759 4160 intendere
779 4116 835 4160 ooo
845 4093 942 4159 liceret
960 4093 1011 4173 (et.
1023 4094 1051 4179 ᾗ.
1066 4091 1321 4164 sesanna..
1427 4157 1429 4188 Ι
