2892 4684
274 255 360 344 m

189 438 199 450 “
280 419 1249 531 mldyotcdcdmmmiciddm,¹sodselel&nm
1266 429 1329 534 topi
1392 449 1396 454 ·

281 521 342 589 τοῦ
370 518 619 608 Δημοσθένους·
644 514 663 585 ὁ
688 518 804 605 μέντοι
827 517 958 592 Λυσιας
988 534 1071 602 προς
1095 521 1255 597 γυναῖκας
1280 537 1328 597 ην

279 606 440 696 ᾄρωτικὸς,
460 600 505 671 oi
536 603 635 693 πρὸς
652 604 732 689 1τὴν
752 595 1149 685 enorro'oopotpon
1167 602 1227 666 καὶ
1246 600 1328 704 pide·

279 690 418 772 λνκτήν·
446 689 500 757 διὰ
525 687 611 776 μετὰ
633 686 694 756 τὸν
715 681 871 775 Ὅμηρον
888 683 1017 774 πρῶτος
1034 683 1197 771 ἐρωτικῶν
1215 686 1327 772 λογων

280 771 479 866 δημιουργός
497 775 590 842 ἐστιν
608 773 645 839 ἐν
665 775 748 865 πεζῷ
776 770 874 862 λόγῳ·
892 771 1014 859 χρῆται
1033 769 1070 835 δὲ
1089 771 1131 878 spi
1150 772 1226 860 περὶ
1245 773 1328 838 τοῦ-

278 883 340 932 τον
358 862 417 931 τὸν
442 858 543 945 λόγον
562 853 737 951 οἰκονομίᾳ
755 857 897 948 ἀτάκτῳ
909 860 968 922 καὶ
986 853 1051 923 ἀνα
1139 880 1194 947 cop.
1213 858 1327 924 recisos

277 947 381 1027 καλὰς
402 946 484 1034 ἔχων
502 943 632 1024 ἐννοίας
650 949 709 1013 καὶ
728 945 790 1027 τὴν
808 940 913 1024 ἄλλην
933 934 1016 1023 ὕλην
1035 969 1090 1023 αις
1100 945 1159 1011 καὶ
1176 938 1329 1009 Πλάτων

297 1035 405 1121 pricos,
433 1029 479 1110 ὥς
505 1027 526 1099 ὁ
552 1028 648 1116 λόγος
674 1031 828 1110 ottonom,
849 1026 1069 1111 vulgaritatis,
1096 1025 1182 1118 μετὰ
1200 1029 1328 1110 πολλῆς

273 1059 394 1200 liscio
423 1114 584 1205 ἁρμονίας
609 1119 668 1184 καὶ
691 1114 842 1206 ἀκριβῶς.
891 1109 950 1183 Sed
970 1120 1090 1202 scriptor
1109 1118 1216 1201 Lysiae
1237 1120 1326 1181 vitem
1432 1105 1436 1134 ⁸

194 1211 199 1220 ⁴
278 1219 308 1281 et
326 1209 469 1272 orationes
498 1207 672 1288 negligenter
692 1208 816 1271 confodit
835 1214 863 1268 et
887 1208 991 1269 rerba:
1011 1198 1143 1279 Λυσίας
1163 1196 1245 1287 πρὸς
1264 1225 1327 1285 yv-

277 1295 395 1369 ναῖκας
414 1277 457 1374 ἦν
475 1287 626 1376 ἐρωτικὸς
644 1312 674 1355 κ.
695 1312 724 1359 c.
747 1289 777 1358 λ.
798 1293 834 1356 cd
855 1292 917 1373 ejus
936 1290 1023 1353 vitum
1050 1299 1156 1353 tentum
1177 1289 1329 1354 relereoda

277 1394 355 1446 sunt.
397 1379 482 1442 Multi
503 1379 705 1455 innovantes
726 1381 878 1461 scriptores
900 1385 1024 1439 nostrum
1053 1378 1173 1460 Lysiam
1193 1394 1257 1438 csse
1277 1373 1327 1437 io-

277 1466 458 1547 telligendum
484 1475 624 1527 auctorem
655 1464 791 1528 orationis
823 1464 900 1544 apud
931 1461 1076 1525 Platonem
1104 1467 1241 1526 testantur
1267 1461 1325 1542 (cl.

276 1551 431 1618 Haesiselr.
451 1571 553 1614 comm.
578 1549 596 1610 l.
620 1541 697 1631 Ep'p.
720 1552 802 1613 Scor.
825 1550 904 1621 22).
949 1549 996 1610 Ex
1007 1551 1061 1612 irac
1074 1548 1148 1628 iperi,
1169 1554 1200 1609 ut
1219 1546 1325 1625 dicam,

276 1637 341 1700 rixa
360 1639 433 1699 iuter
451 1637 595 1698 Platonem
616 1644 643 1697 et
662 1635 781 1719 Lysiam
799 1646 897 1697 exorta
917 1632 1325 1717 Dionysiifluliournaseensis

275 1721 396 1803 impetus
426 1720 609 1803 explicandus
637 1734 689 1799 est,
722 1743 778 1802 quo
805 1722 833 1782 iu
862 1718 1006 1781 Platonem
1035 1719 1124 1783 irruit.
1167 1719 1229 1782 Non
1251 1719 1325 1782 euim

275 1797 368 1870 sotum
393 1807 520 1871 Platonis
541 1805 690 1867 orationem
712 1804 1140 1893 multolinlesioccmessequam
1153 1806 1326 1868 Demosthe..

181 1901 191 1924 ⁴¹
242 1907 247 1930 ¹
276 1892 321 1954 nis
341 1891 463 1953 affirmat
485 1891 545 1972 (ep.
566 1891 603 1951 ad
625 1890 679 1955 Cu.
701 1891 801 1973 Pomp.
824 1892 853 1976 §.
875 1891 933 1969 1.),
959 1892 1009 1954 sed
1036 1894 1121 1953 etiem
1140 1892 1204 1972 ejus
1224 1890 1325 1952 eloco-

276 1976 359 2044 tiouis
385 1976 540 2056 simplicem
568 1975 677 2057 ipuidem
709 1988 818 2058 partem
844 1987 872 2039 et
900 1976 1011 2040 facilem
1041 1978 1181 2038 contendit
1208 1996 1272 2038 esse
1292 1986 1324 2040 et

275 2083 402 2140 suavem,
423 2063 501 2123 illam
523 2080 589 2125 vero
610 2083 682 2144 quoe
701 2064 738 2125 ad
760 2063 953 2145 loquacitatem
980 2055 1257 2147 (περιττολογίαν)
1277 2062 1322 2124 ie-

275 2159 363 2224 retun,
385 2150 533 2211 obscuram
554 2147 624 2224 tisri,
644 2148 742 2227 latam,
763 2149 857 2212 verbis
878 2153 986 2212 novatis
1006 2149 1178 2227 instructam,
1199 2149 1321 2230 inoptam

158 2289 160 2303 ,
245 2245 384 2317 'quoqne
411 2242 439 2297 ct
465 2254 600 2315 ougosem
630 2247 688 2316 lep.
710 2237 748 2297 nd
769 2234 823 2299 Gur
844 2235 943 2317 Pomp.
970 2233 1000 2315 ὅ.
1020 2233 1052 2301 2.
1074 2236 1109 2297 de
1129 2255 1220 2316 comp.
1242 2236 1321 2302 reru.

273 2342 299 2386 o.
316 2319 373 2384 ⁴25.
395 2342 425 2402 p.
446 2318 517 2385 208.
540 2321 575 2381 de
594 2319 742 2385 Demostln.
765 2323 818 2383 dic.
842 2321 869 2382 vi
891 2321 919 2404 §.
941 2317 1114 2403 23.),atque
1125 2321 1177 2383 lnoo
1184 2320 1321 2404 judicium
1429 2385 1436 2416 r

232 2481 233 2492 p
272 2407 309 2469 nd
335 2407 492 2469 Phaedrum
525 2404 617 2486 ipsum
646 2406 820 2469 referendum
845 2427 910 2470 esse
931 2408 981 2490 (ad
1009 2405 1062 2469 Gu.
1087 2407 1184 2491 Pomp.
1208 2404 1237 2490 ᾗ.
1256 2404 1321 2488 2.);

273 2511 450 2572 summopere
470 2502 544 2553 certe
565 2490 709 2553 Platonem
736 2513 870 2575 peccasse
897 2495 969 2575 quod
990 2491 1108 2573 Lysiam
1127 2493 1322 2575 perstrinxerit

146 2601 149 2610 ’
273 2590 357 2658 otoprre
380 2577 491 2638 honoris
513 2575 685 2639 solummodo
707 2589 735 2639 et
756 2577 949 2641 aemulationis
968 2581 1060 2639 studio
1068 2583 1228 2659 perductum
1250 2599 1321 2639 cou·
1431 2634 1436 2660 ,

274 2674 318 2722 tra
339 2662 458 2743 Lysiam
487 2662 627 2731 orationes
656 2682 719 2723 eum
740 2664 905 2744 scripsisse..
938 2662 1046 2744 -Neque
1066 2664 1218 2747 Dionysius
1239 2664 1321 2728 solos

271 2747 340 2809 talia
360 2750 395 2807 de
414 2746 533 2809 Platone
551 2743 695 2828 judlant,
717 2750 871 2811 sedetiam
900 2747 1054 2813 Caecilium
1075 2753 1172 2814 eadem
1194 2750 1320 2814 sensisse

271 2832 421 2912 Longinus
442 2836 493 2910 (do
513 2833 586 2896 sulrl.
609 2833 661 2909 32,
683 2831 731 2907 8.)
753 2843 879 2915 testatur,
902 2856 989 2917 neque
999 2836 1128 2915 Longino
1149 2838 1319 2902 credendum

160 2917 163 2931 ⁴
271 2930 322 2998 est,
346 2917 497 2980 Caecilium
519 2917 582 2981 odio
602 2917 734 2982 Platonis
750 2922 858 3016 majore
877 2923 1089 3005 quam'Lysiue
1109 2942 1205 2985 amore
1224 2922 1319 2984 imbu-
1361 2979 1365 2988 .

270 3012 327 3065 tum
350 3015 434 3083 atque
455 3003 584 3084 opinione
603 3006 873 3085 Lysiueorationem
894 3028 957 3069 esso
977 3007 1052 3069 omui
1065 3019 1179 3089 peccato
1200 3008 1316 3071 liberam

239 3141 242 3154 .
269 3081 538 3171 (ἀναμάρθητον
563 3097 591 3151 et
626 3084 804 3175 καθαράν)
839 3092 971 3155 iniectum
1000 3093 1104 3172 luisse,
1134 3094 1200 3176 quie
1229 3114 1318 3174 supra

268 3178 320 3259 (p.
355 3172 430 3251 39.)
459 3174 614 3252 docuimus,
641 3188 800 3239 accuratam
834 3198 987 3256 censuram,
1004 3180 1111 3260 ‘egisse
1145 3178 1313 3260 Caecilium

268 3259 432 3340 Longinum
454 3281 521 3324 noro
542 3260 662 3323 sublime
682 3260 788 3324 dicendi
810 3284 902 3345 genus
923 3285 1045 3344 amasse,
1066 3264 1166 3328 subtile
1186 3269 1204 3328 a
1223 3265 1316 3347 Lysia

268 3355 415 3430 tractatum
446 3347 610 3430 despexisse
636 3344 688 3424 (cf.
719 3345 746 3426 Ι,
775 3344 808 3413 4.
840 3358 868 3411 ct
894 3349 964 3415 diss.
992 3351 1053 3415 crit.
1080 3352 1116 3413 dc
1134 3349 1260 3432 Longini.
1283 3372 1315 3432 p.

269 3431 376 3520 cxxi.
396 3432 441 3495 ed.
469 3429 592 3515 Weisls.)
620 3453 760 3515 uunquam
792 3433 1004 3518 obliuiscamnr3
1033 3457 1122 3520 neque
1149 3437 1316 3519 Dionysium

266 3538 352 3580 esem
381 3516 526 3581 Platonem
555 3517 620 3581 odio
647 3520 791 3598 habuisse,
827 3520 934 3604 plnres>
950 3522 1007 3586 loci
1035 3531 1173 3585 testantur
1201 3523 1254 3602 (ct.
1272 3524 1316 3599 „de

267 3604 406 3665 Dioerclr.
426 3604 455 3688 ξ.
473 3604 509 3668 8.
531 3626 561 3685 p.
582 3599 657 3668 645.
679 3626 723 3688 ep.
745 3608 782 3668 nd
804 3606 857 3669 Cu.
884 3606 985 3691 Pomp.
1008 3630 1036 3688 p.
1060 3607 1160 3690 751.).
1193 3608 1316 3688 Omnino
1434 3623 1436 3636 '

265 3689 486 3767 tooeudnmcst,
507 3689 666 3753 Phaedrum
685 3689 807 3773 primum
827 3712 892 3756 eme
910 3716 982 3777 opus
1002 3713 1020 3756 a
1044 3694 1165 3774 Platone
1189 3694 1316 3758 conscri-

264 3785 344 3858 ptum
365 3773 430 3849 (ut.
461 3774 514 3854 93,
540 3776 588 3852 2.)
620 3776 738 3860 ideoque
769 3778 934 3843 ePlatoois
952 3779 1044 3862 priore
1064 3781 1202 3858 condiendi
1231 3784 1315 3844 modo

265 3859 425 3924 etiamnunc
445 3862 551 3952 poetico
573 3864 690 3945 quodam
723 3864 816 3927 colore
844 3878 981 3931 crustum.
1029 3867 1107 3929 'Pom
1125 3876 1218 3929 sutem
1239 3869 1265 3930 si
1285 3868 1314 3929 in

263 3944 453 4030 quaestionem
474 3946 602 4012 subtilius
623 3947 803 4032 inquiremus,
824 3962 851 4014 et
869 3950 1014 4016 Platonem
1037 3966 1064 4013 et
1084 3952 1201 4033 Lysiam
1222 3973 1315 4016 exou-

263 4033 384 4130 santorp
403 4051 469 4117 esso
495 4032 691 4117 intelligemus.
736 4034 818 4101 Pluto
838 4036 913 4101 euim
933 4035 1133 4114 esiodustria
1152 4049 1184 4102 ut
1202 4038 1312 4102 oratio·
1378 4089 1382 4104 .
