2892 4684
311 305 366 387 bl

313 492 535 582 praeterlapsum
562 501 641 573 erat3
671 489 732 555 duri
757 489 823 554 iudo
849 499 876 555 et
902 490 988 575 iniqui
1010 490 1070 556 dies
1099 489 1185 557 secuti
1211 505 1302 578 erunt,
1322 499 1369 564 its

311 598 344 647 at
375 605 430 646 nou
464 581 573 643 mireris
609 580 682 662 qnod
704 589 768 662 post
786 576 867 644 Xlll.
895 598 986 639 aureos
1014 599 1076 640 cum
1097 582 1367 646 Aradoeidcsncen.

313 681 425 734 seretur
453 665 578 732 nuuuulli
606 674 710 727 tautane
733 657 772 726 'ele
797 663 855 726 illis
889 664 1058 726 facinoribus
1092 669 1250 730 ueretr'atias
1286 671 1364 751 loqui

311 755 461 839 potuerint.
504 751 593 836 Cujus
615 750 655 812 rei
676 749 701 813 si
722 747 881 811 memineris
908 751 1041 812 facillime
1061 752 1201 830 intelliges
1222 759 1364 836 quomodo

314 852 410 903 noster
435 858 544 920 qunque
572 846 665 898 orator
689 836 718 896 in
749 855 871 896 errorem
899 833 1034 897 inciderit.
1083 837 1115 898 Si
1142 850 1234 900 antem
1264 853 1364 903 orator

306 926 406 988 'omnnia
427 923 553 985 lacinorn
573 942 645 1004 quae
665 921 822 983 Andocides
842 920 870 981 iu
892 921 1010 982 dirersis
1033 921 1196 984 Hermonem
1208 919 1363 987 mutilatio-

304 1013 394 1074 ‘nilnrs
422 1007 613 1086 connumerat,
644 1006 673 1068 ln
703 1028 787 1068 unam
820 1006 987 1083 coaretavit,
1026 1009 1164 1085 posterior
1197 1011 1362 1091 praesertim

302 1091 391 1175 actio,
413 1096 440 1157 in
463 1114 517 1175 qna
538 1113 574 1154 ex
595 1113 663 1156 uera
685 1091 817 1155 historiae
843 1092 1000 1153 narratione
1021 1091 1095 1153 omui
1117 1093 1199 1174 calpa
1220 1095 1255 1158 A.
1277 1115 1361 1159 rure·

311 1185 368 1263 bnt,
398 1181 427 1243 iu
457 1178 591 1243 invidiam
620 1178 739 1241 adducta
759 1187 813 1241 est.
855 1177 900 1240 Ne
920 1175 1028 1237 mireris
1054 1177 1126 1259 quod
1149 1180 1306 1244 Andocides
1326 1183 1359 1243 in

310 1291 364 1330 sna
390 1265 513 1329 oratione
537 1265 565 1326 in
591 1263 669 1325 illnur
696 1283 818 1326 errorem
848 1276 902 1324 non
932 1261 1097 1342 invehatur3
1129 1285 1195 1327 num
1216 1269 1358 1348 quamde
1429 1280 1430 1294 ¹

301 1353 423 1417 aenne
450 1351 582 1413 mutilatis
611 1351 770 1412 accuratius
794 1358 870 1410 esset
898 1348 1017 1424 loeutus,
1046 1350 1100 1411 hae
1120 1369 1151 1410 re
1175 1351 1239 1431 ipsa
1265 1372 1298 1414 se
1318 1357 1357 1415 uh

309 1439 384 1502 omui
407 1438 521 1500 erimine
542 1456 660 1498 varenam
684 1455 748 1498 esse
769 1435 969 1496 demonstrarit
986 1454 1074 1515 usqne
1086 1437 1269 1498 accusationis
1284 1453 1357 1519 ques

265 1536 273 1552 '
307 1545 417 1588 errores
444 1543 508 1587 esse
535 1524 690 1603 apparebat
720 1542 782 1581 eum
805 1520 924 1581 refutare
950 1538 1063 1581 necesse
1082 1530 1152 1586 erat.
1195 1522 1357 1587 Orationem

302 1612 393 1692 'igitur
415 1620 539 1672 nostram
560 1619 676 1688 propter
695 1626 731 1667 ea
759 1623 830 1687 quae
850 1602 880 1687 ᾗ.
900 1601 952 1668 21.
975 1625 1039 1688 sqq.
1068 1603 1235 1688 dictasunt,
1257 1620 1357 1692 posts-
1429 1613 1430 1620 ’

303 1696 391 1761 rionis
412 1693 543 1774 tenepnris
568 1691 671 1753 rhetori
690 1692 862 1752 tribuendam
884 1709 948 1751 esse
970 1713 1023 1753 non
1044 1691 1184 1755 existimo.

392 1777 432 1858 3)
468 1778 496 1860 ᾗ.
529 1773 585 1841 46.
618 1776 776 1838 Andocides
810 1795 950 1856 nunqnam
983 1774 1120 1839 militasse
1149 1777 1262 1857 dicitur,
1289 1799 1356 1843 cuns

307 1863 395 1928 classi
417 1863 566 1947 praebuerit
587 1881 649 1922 cum
671 1860 797 1943 irnperio.
825 1862 1006 1942 Thucydides
1027 1862 1175 1944 quidemst
1189 1863 1356 1929 Plutarchus

307 1960 428 2033 uerrunt,
448 1948 618 2012 Andocidem
639 1947 787 2028 Leugorao
809 1946 828 2011 l.
850 1947 935 2009 classi
956 1947 1024 2014 XX.
1048 1949 1169 2028 nariam,
1192 1969 1265 2031 quae
1279 1949 1355 2012 Gor.

200 2045 207 2064 ‘
269 2030 274 2042 '
302 2037 418 2120 'quaeis
446 2043 543 2097 contra
571 2032 730 2096 Corinthios
757 2032 863 2096 auxilio
891 2034 996 2096 missae
1024 2045 1098 2114 suut,
1125 2055 1187 2096 rem
1209 2035 1356 2100 Glaucone
1429 2019 1430 2082 l

304 2122 412 2204 Leagci
442 2120 464 2185 f.
495 2119 652 2203 praefuisse
680 2139 768 2203 neque
789 2118 917 2202 'inploro
938 2119 985 2203 qni
1013 2120 1180 2183 Andocidem
1202 2142 1286 2183 arum
1307 2122 1355 2184 ia.
1429 2129 1430 2152 ³

258 2257 260 2266 a
302 2207 413 2272 tellexit
440 2207 645 2271 assentiendum
674 2226 739 2268 esse
758 2205 946 2268 Rnlenlrenias
974 2207 1101 2271 ostendit.
1144 2208 1201 2271 Sed
1231 2208 1355 2280 Andoei·
1429 2225 1430 2240 ¹

304 2296 355 2359 des
380 2293 443 2377 ipse
463 2295 681 2376 quotiescunque
710 2311 762 2354 sua
783 2294 818 2354 de
845 2290 987 2373 republica
1006 2292 1106 2355 merite
1132 2292 1296 2356 memorarit
1317 2295 1365 2359 de'

298 2380 351 2444 illo
377 2380 494 2464 imperio
521 2399 663 2461 nunquam
692 2376 823 2461 loquitor,
850 2377 891 2439 ita
919 2386 948 2439 nt
975 2379 1044 2441 certi
1065 2378 1168 2461 ahquid
1190 2382 1225 2440 de
1245 2381 1298 2441 hnc
1321 2399 1352 2443 rs

301 2467 429 2552 proferre
457 2486 511 2525 uon
541 2484 628 2527 ausus
655 2464 718 2526 sint.
771 2462 916 2543 Utcunque
942 2483 988 2527 res
1016 2483 1048 2525 se
1073 2466 1166 2543 habet,
1188 2468 1352 2529 aduersaris

210 2599 212 2606 <
303 2552 351 2636 qui
371 2572 422 2633 per
443 2542 584 2626 αὔξησιν
605 2548 754 2610 oratoriam
775 2548 943 2609 Andocidem
969 2571 1089 2633 nuquum
1109 2551 1250 2633 pmiuisse
1269 2556 1352 2635 qnid·

299 2655 385 2720 quam
407 2635 510 2698 ciuitati
527 2643 614 2715 neget
635 2632 836 2714 ignoscendum
857 2643 910 2695 est.
922 2629 961 2718 a),

384 2716 421 2808 4)
444 2719 473 2805 h.
495 2719 548 2784 51.
571 2740 590 2783 a
609 2719 804 2784 sacerdotibus
825 2721 942 2783 devotus
967 2718 1055 2783 luisse
1075 2721 1233 2803 perhibetur
1252 2716 1352 2785 Andhl-

301 2805 388 2870 eides.
432 2809 513 2886 Quod
544 2818 573 2867 ut
594 2806 706 2867 credam
735 2824 799 2868 cum
821 2805 901 2868 unitus
921 2806 1167 2889 Pseudo-Lysiae
1186 2808 1352 2871 auctoritate

300 2894 406 2957 nituttm
426 2894 500 2957 haud
521 2891 605 2954 bacile
625 2894 766 2972 adducam
788 2891 814 2955 si
835 2893 908 2954 enim
928 2894 1163 2972 devotuslnisset,
1186 2915 1240 2956 uon
1262 2915 1352 2959 nuens

298 2987 377 3044 esset
404 2978 433 3040 in
460 2978 580 3063 petriam
607 2979 697 3040 redire
727 2978 781 3041 nisi
807 2979 885 3061 prius
912 2978 1024 3061 publice
1052 2979 1123 3043 foret
1153 2990 1300 3042 rerocatns
1322 2989 1352 3043 et

298 3066 458 3128 sacerdotes
479 3065 561 3126 iidem
583 3062 628 3145 qui
649 3063 726 3126 illum
744 3066 920 3128 devovissent
936 3076 1229 3129 notearencrnsseut.
1259 3066 1352 3147 Equi-

299 3152 362 3212 dem
392 3172 454 3213 unm
484 3149 605 3214 Sinitero
631 3150 866 3231 existimaverim,
901 3160 1044 3217 uectorem
1073 3162 1143 3214 orat.
1193 3150 1352 3216 Alcibiadis

298 3257 415 3299 causam
436 3236 492 3321 (el.
514 3235 638 3301 Bossler.
662 3238 696 3298 du
716 3238 786 3301 fnrn.
812 3237 871 3300 An.
897 3257 958 3302 sac.
981 3260 1010 3320 p.
1033 3233 1087 3301 24.
1110 3235 1180 3321 27.)
1201 3239 1230 3298 io
1251 3239 1352 3299 am

297 3322 387 3386 eidem
408 3322 595 3387 transtulisse.
629 3322 733 3405 Longo
754 3320 825 3385 enim
846 3331 970 3404 tempore
990 3323 1171 3405 postseelern
1190 3322 1220 3384 in
1241 3337 1354 3405 myste-

224 3467 230 3482 κ
297 3409 340 3472 rin
367 3409 544 3491 Hermesque
570 3407 721 3472 cornarissa
750 3408 944 3490 praeterlapso
962 3410 1112 3472 Andocidis
1141 3419 1175 3470 et.
1196 3409 1352 3474 Alcibiadis

298 3515 403 3559 causae
423 3499 459 3556 de
480 3497 577 3557 endem
598 3516 628 3556 re
648 3503 729 3557 notae
748 3493 880 3557 facillime
901 3494 1031 3556 conlundi
1054 3505 1190 3577 poterant.
1232 3495 1352 3559 Praeto-

295 3587 458 3644 reanutem
479 3601 563 3663 qnam
585 3588 698 3661 constet,
720 3582 860 3643 decretum
882 3583 1018 3662 qnondam
1039 3582 1141 3645 laetum
1163 3601 1228 3646 esse
1249 3593 1351 3645 eontra
1424 3601 1426 3616 ³

185 3687 188 3694 ·
294 3668 465 3731 Andocidem
493 3687 548 3751 quo
575 3667 680 3730 arcitus
713 3665 791 3729 situ
817 3665 880 3728 loro
909 3669 1089 3751 templisque,
1120 3690 1176 3731 non
1202 3679 1246 3732 cst
1272 3671 1351 3750 qnod

326 3917 361 3990 ὓ)
377 3918 475 4044 guum
494 3918 561 3973 hsce
576 3916 804 4005 conscripsissem
828 3916 965 4002 idolerum
981 3915 1048 4002 'eidi
1066 3917 1171 3976 imind.
1191 3916 1280 3973 schol.
1298 3932 1350 3977 m

298 4117 304 4130 ,
373 3990 448 4183 ξιξ
461 3988 1350 4185 sqq-fijan:tcnqnnqnnnnnn

386 4133 496 4185 'nitere
561 4145 624 4184 een
644 4149 677 4185 eu
699 4131 781 4198 itam
799 4147 882 4202 super
905 4147 955 4185 uns
975 4133 999 4183 vi
1021 4146 1092 4184 eur.
