2892 4684
287 231 341 308 ur
466 229 581 282 «u
1351 227 1435 314 ‘t

290 428 385 482 rmum
412 432 477 478 esee
505 423 536 478 nt
562 431 618 478 soa
634 432 691 495 epo
710 418 896 494 pervertatur,
916 409 999 476 etism
1017 421 1102 496 atque
1121 414 1206 480 etlam
1223 413 1340 482 clemo-

288 504 369 574 rihos
387 502 486 585 jactet
528 499 586 563 Sed
607 498 722 579 ipsese
744 519 799 561 soa
820 497 944 562 oratioue
965 519 1064 579 parom
1083 519 1148 590 esse
1169 503 1336 570 effectorum

288 589 394 652 ridetur
414 584 604 664 intellexisse3
623 584 714 650 suhito
742 584 817 646 cuim
836 584 865 646 in
887 584 978 647 locum
1000 605 1171 649 eorumuraem
1192 600 1337 669 evagatur

288 688 373 757 atque
391 676 427 736 de
448 689 513 735 sera
538 670 658 733 nominis
678 670 800 733 uindicta
827 668 924 734 ioasia
944 672 1030 733 recha
1049 670 1163 753 profert.
1208 674 1264 751 Qui
1285 676 1334 738 lo-

287 782 339 833 eus
366 762 402 821 ad
429 759 584 820 satietatem
613 776 700 838 osque
730 754 903 832 inculcators
931 777 1020 839 oeque
1046 756 1117 818 euim
1145 759 1274 823 subsistit
1300 762 1331 826 iu

285 844 462 927 expositione
488 842 544 906 istu
578 843 706 923 longiore
733 841 761 926 ᾗ.
795 841 857 906 20:
890 833 965 904 οὔτε
996 838 1059 925 γὰρ
1080 834 1099 903 ὁ
1120 838 1334 932 θεόςπαρα-

282 919 690 1099 eunochus
707 927 756 1079 e
776 925 826 1077 tu
851 927 1332 1097 tetstultitiast}

449 1063 457 1079 ·
509 1061 517 1092 r
594 1059 604 1092 t
679 1061 687 1092 r
825 1061 834 1092 r
906 1059 915 1077 ⁰
1431 1070 1435 1094 u

283 1103 500 1166 declamatorem
526 1119 609 1183 qoam
630 1098 733 1183 injecta
753 1063 900 1178 lliagorue
916 1097 994 1161 Melii
1017 1100 1119 1163 mentio
1141 1100 1169 1181 h.
1191 1102 1257 1181 17.,
1279 1042 1328 1167 dli

283 1188 445 1254 Antorides.
471 1185 570 1248 dieitur
598 1184 726 1262 ntupum
754 1185 843 1247 Melio
869 1184 991 1265 nequior,
1013 1185 1188 1267 hyperbolice
1207 1191 1278 1251 adeo
1299 1199 1329 1254 rt

201 1285 203 1296 ’
282 1295 335 1358 per
362 1267 504 1352 αὔξησιν
530 1271 728 1354 sophisticam,
756 1280 786 1333 ot
812 1273 886 1352 quod
911 1270 1003 1332 simila
1023 1272 1060 1333 sit
1080 1272 1108 1331 in
1132 1272 1237 1354 Lysiae
1258 1296 1328 1339 ora.

284 1360 406 1425 tionibus
433 1380 489 1419 uon
519 1356 682 1439 reperiatur.
726 1356 840 1421 Deinde
865 1377 949 1438 quom
976 1356 1134 1421 Andocides
1152 1356 1181 1419 iu
1202 1360 1329 1424 oratioue

281 1446 349 1509 huic
375 1442 513 1507 contraria
541 1442 706 1526 praesertim
732 1444 761 1507 id
791 1450 860 1524 eget
890 1441 938 1525 (ᾗ.
963 1442 1017 1505 70.
1040 1444 1126 1524 ete),
1149 1451 1178 1505 ot
1198 1450 1330 1510 ostendat

282 1530 432 1595 lsotirnidis
458 1530 623 1611 psephisma
649 1532 685 1591 ad
715 1550 748 1593 so
776 1550 829 1590 nou
857 1528 993 1607 pertinere
1019 1539 1046 1590 et
1075 1530 1249 1608 abrogatum
1263 1552 1330 1596 esse

280 1639 332 1702 per
351 1614 546 1699 psephismata
564 1614 729 1677 Patrocliulis
751 1627 779 1676 et
800 1613 946 1675 Tisameui
968 1613 1112 1695 legemque
1127 1606 1330 1695 ἆμνηστείας

280 1707 413 1768 archonte
438 1699 557 1761 Euclide
583 1700 686 1774 latam,
712 1711 769 1761 turn
797 1718 831 1761 se
849 1718 967 1779 ¹quoque
988 1699 1125 1761 condheri
1153 1702 1243 1782 poetis
1264 1712 1328 1783 post

280 1783 1328 1938 ttl³,llll„³”llhthiliht‘ltullhlt”lllttttl⁸“‘⁰’

278 1959 418 2042 phismute
443 1893 594 2020 lsduot'tto
626 1955 713 2018 areeri
742 1894 901 2037 eptemplis
928 1977 1016 2038 usque
1032 1920 1078 2018 ’ud
1100 1957 1193 2038 ipsum
1214 1896 1327 2023 deoprdla

279 2045 332 2108 itta
367 2040 536 2107 Patrocliulis
561 2054 590 2105 st
611 2041 758 2104 Tisameni
789 2042 938 2125 pertinere.
980 2043 1084 2104 doctor
1112 2064 1178 2105 uero
1213 2055 1326 2108 nostrae
1433 2079 1434 2084 1

279 2130 414 2195 orationis
435 2149 487 2191 nee
505 2127 706 2211 psephismatis
727 2148 779 2192 nee
803 2126 899 2208 legum
926 2127 1037 2190 illarum
1059 2128 1223 2193 mentionem
1243 2131 1324 2213 secitg

278 2225 362 2299 pacta
382 2226 410 2279 et
427 2215 622 2298 jusjurandum
645 2214 743 2278 leviter
762 2224 871 2277 tautum
899 2213 988 2295 tangit
1009 2234 1060 2277 nee
1080 2214 1215 2279 sohtiliter
1234 2217 1275 2279 de,
1287 2217 1325 2282 iis

276 2304 411 2385 disputat,
433 2311 463 2363 ot
483 2301 556 2364 solet
575 2299 692 2381 Lysias,
712 2302 763 2364 sed
784 2299 888 2362 clamat
908 2302 990 2362 homo
1011 2310 1040 2365 et
1059 2313 1181 2382 perorat.
1224 2303 1324 2384 Neque
1433 2341 1435 2351 ι

277 2389 461 2462 contradicas,
484 2396 622 2449 oratorem
644 2395 674 2449 ot
695 2387 741 2469 qui
768 2380 1018 2468 ὃιυτερολογίαν
1038 2385 1147 2463 dixerit,
1170 2389 1223 2452 has
1242 2388 1324 2468 tegre

275 2476 375 2560 joma
401 2472 535 2553 Cephisis
555 2473 682 2553 prolatas
710 2470 882 2552 neglexisse.
924 2474 1000 2535 Saos
1027 2471 1053 2535 si
1073 2474 1108 2533 de
1132 2473 1189 2536 illis
1209 2474 1322 2538 omuino

277 2559 413 2623 tacuisset
448 2568 594 2617 contentos
631 2558 735 2635 sorem,
776 2557 827 2616 sed
869 2556 955 2619 molta
990 2560 1025 2618 de
1060 2557 1096 2619 iis
1133 2562 1221 2624 verba
1253 2561 1323 2624 fucit

277 2645 327 2728 (ξ.
349 2637 531 2722 37-41.)
560 2641 661 2723 quihus
687 2663 722 2705 oe
748 2641 891 2704 minimum
921 2642 1029 2724 quidem
1055 2643 1164 2722 firmat,
1199 2647 1229 2707 ot
1255 2646 1321 2708 oihil

278 2728 402 2813 prolecto
428 2726 584 2790 ioreoiator
610 2746 647 2790 ex
677 2749 733 2810 qoo
766 2726 834 2790 fides
862 2728 981 2808 orimur,
1007 2751 1070 2792 curn
1097 2730 1203 2811 Lysiae
1224 2740 1322 2795 contra

277 2806 469 2890 πιθανότης
496 2813 532 2876 eit
560 2812 717 2876 notissima.
768 2815 914 2893 Quomodo
946 2814 1071 2878 veritatis
1096 2816 1215 2880 studium
1238 2817 1322 2901 plane

275 2900 412 2966 interierit
429 2902 490 2982 jam
509 2898 633 2963 diximus
653 2910 736 2981 atque
757 2901 865 2963 uirtutis
885 2893 1072 2977 ἠθοποιίας
1093 2902 1235 2984 Lysiacae
1258 2904 1322 2966 orl·

275 2988 335 3052 lum
361 2986 473 3048 omuino
507 2986 654 3062 uestigium
682 2986 799 3049 inveniri
835 3007 870 3048 oe
899 2987 1039 3051 miremur.
1090 2988 1207 3051 Nullam
1236 2988 1324 3070 igitur

275 3074 383 3156 Lysiae
402 3070 531 3134 virtutem
552 3071 783 3153 proprietatemre
804 3072 831 3133 in
854 3081 949 3135 nostra
970 3074 1097 3136 oratioue
1117 3074 1321 3156 cognoscimur

274 3161 357 3238 suris,
379 3162 408 3220 nt
428 3155 543 3235 uidetur,
565 3162 711 3238 prohatom
734 3160 781 3239 sit,
805 3178 839 3221 oe
855 3160 952 3222 sensui
972 3172 1068 3222 nostro
1095 3182 1149 3242 quc
1173 3175 1320 3228 venustum

274 3267 311 3311 ae
331 3243 457 3328 pulcrum
478 3241 645 3325 percipimus
665 3265 850 3326 repugnemus
878 3247 1064 3327 oeueLysiao
1083 3246 1234 3308 orationem
1256 3269 1322 3308 om-

276 3333 322 3396 nis
347 3328 494 3393 suavitatis
520 3328 643 3411 inopem,
670 3332 751 3414 eujus
779 3351 869 3407 penos
897 3351 915 3393 a
944 3333 1071 3412 Lysiuco
1100 3333 1184 3412 plaoe
1218 3333 1321 3411 dillert,

274 3419 485 3490 attribuemus„
512 3413 649 3479 Sluiterus
672 3417 720 3498 (p.
745 3413 841 3491 174.)
863 3426 890 3477 rt
911 3417 945 3478 A.
972 3417 1008 3480 G.
1030 3419 1169 3481 Becheros
1191 3419 1242 3500 (p.
1264 3419 1320 3493 7.)

274 3517 416 3568 amtorem
438 3521 479 3564 or.
502 3502 539 3562 ah
553 3503 786 3583 aetateJJeuuetrii
807 3501 933 3566 Phalerei
952 3502 1074 3566 fortasse
1090 3525 1145 3566 ooo
1168 3504 1253 3585 louge
1274 3525 1321 3566 re.
1432 3565 1435 3589 Ι

275 3597 380 3653 motum
399 3586 487 3650 huisse
509 3594 670 3652 statueroot.
699 3589 769 3666 Sed,
792 3589 817 3648 ni
839 3587 932 3667 fallor,
953 3589 1006 3653 riri
1026 3589 1097 3651 docti
1118 3600 1219 3654 erruot.
1244 3589 1320 3654 Ora·

275 3685 365 3738 mrum
382 3672 466 3734 *euim
493 3669 571 3735 illios
600 3672 733 3753 temporis
770 3673 852 3736 dictio
880 3683 908 3736 et
928 3677 1073 3737 sententiis
1100 3676 1241 3737 concionis
1271 3696 1319 3736 re·

274 3768 359 3824 austu
385 3767 413 3819 ct
434 3757 528 3820 uernis
554 3759 714 3822 volucribus
734 3757 846 3822 inusitata
867 3771 944 3843 erat3
972 3772 1138 3823 memoratur
1158 3762 1267 3843 qnideun
1283 3783 1321 3823 ex

275 3847 324 3911 illo
355 3855 478 3925 tempore
505 3844 612 3926 Lysiae
640 3846 771 3924 imitator,
794 3845 946 3928 Hegesias,
969 3852 1017 3907 seri
1041 3848 1093 3910 iste
1114 3847 1229 3910 saltarit
1248 3846 1322 3910 ioci,

274 3934 346 4001 deos
367 3926 529 4012 particulas,
551 3929 663 4011 qualem
682 3933 818 3993 sationem
840 3942 934 3995 nostra
955 3932 1045 3994 oratio
1066 3955 1119 3995 rroo
1132 3954 1242 4015 praese
1258 3934 1321 3998 tert

276 4018 310 4084 si
338 4037 404 4082 uero
433 4014 463 4079 iu
493 4016 652 4080 scholarum
683 4016 863 4081 umhraoulie
894 4017 969 4080 aliud
1000 4019 1203 4083 luisserlieendi
1231 4039 1322 4102 genoe
