2892 4684
303 308 354 380 88

304 486 358 565 (ci.
379 483 480 548 Meicr.
510 482 593 545 Pron.
623 504 653 563 p.
679 479 786 556 227.):
807 500 879 562 (μοι
899 482 928 541 ia
956 479 1012 542 iiiia
1033 489 1139 546 tantum
1161 484 1257 545 eaesis
1278 483 1359 547 iacta

304 593 369 635 esse
388 569 456 633 mibi
486 568 602 644 ridetur,
632 568 678 628 ubi
709 587 775 638 rens
801 569 830 627 iu
859 567 964 634 sceiere
990 577 1052 627 crat
1073 570 1263 647 deprebensae
1284 563 1355 647 (ἐπ’

304 648 518 741 αὐτοφώρῳ).
569 654 600 714 1ο
623 656 675 715 bac
696 652 782 733 igitur
803 672 891 715 causa
917 673 955 712 cx
979 650 1044 730 iege
1065 673 1117 716 noe
1140 666 1250 733 peterat
1270 654 1358 717 iusti·

305 747 366 823 τοῖς
391 764 455 804 nam
482 744 628 821 Ageratos
649 759 722 820 qnae
753 747 962 820 perpetraverat
988 737 1096 799 seriora
1116 737 1174 815 jam
1195 743 1250 803 sub
1270 741 1359 805 XXX

305 830 427 894 virorum
459 827 599 888 dominata
626 825 791 905 perfecerat,
817 823 880 886 sola
900 824 987 903 igitur
1007 821 1120 911 γραφῇ
1141 819 1249 907 φόνου
1269 848 1360 889 arcu·

305 916 364 980 sari
386 924 504 996 potarat.
544 911 698 991 Dionysius
720 931 790 989 ergo
811 924 909 971 eontra
938 909 1098 988 Aguratum
1120 910 1266 992 illegitime
1287 934 1358 993 rge-

246 1073 250 1079 ‚
306 1016 351 1065 rat
380 1019 467 1082 naqrre
496 997 683 1078 adscripscrat
711 994 806 1057 ditectio
834 1017 887 1058 suo
918 1014 964 1056 rr.
987 986 1035 1055 ἐπ’
1065 987 1258 1083 αὐτοφώρῳ,
1282 1018 1357 1083 quas
1394 1073 1397 1080 ὁ

305 1085 404 1150 deiude
425 1084 476 1146 XL
501 1084 553 1144 riri
581 1086 708 1162 dgnrnto
741 1081 841 1142 infensi
863 1080 1036 1142 addiderant.
1079 1085 1225 1160 Apparatus
1246 1106 1358 1146 serrrmn

302 1174 367 1257 jare
387 1185 484 1233 contra
506 1170 674 1248 Dionysium
694 1177 803 1248 poterat
825 1187 856 1227 se
875 1166 1033 1239 defendere,
1056 1172 1126 1246 qaod
1149 1189 1181 1229 se
1209 1169 1361 1247 illegitima

307 1258 418 1323 actione
448 1276 514 1317 esse
543 1255 664 1316 dciatum
695 1254 887 1321 contenderet,
910 1261 991 1332 atque
1013 1254 1074 1312 baio
1096 1256 1254 1333 praetextati
1277 1267 1360 1318 antor

307 1342 425 1406 occrrrrit
455 1353 619 1414 comanente,
649 1340 755 1421 optimo
780 1339 843 1419 jare
870 1329 918 1398 ἐπ’
947 1329 1130 1423 αὐτοφώρῳ
1160 1342 1272 1401 tabidae
1292 1361 1360 1404 ease

306 1431 489 1509 inscriptum3
511 1428 667 1506 Aguratum
689 1428 762 1486 enim
781 1425 808 1484 ia
831 1434 979 1504 currspartu
1008 1426 1128 1484 omniurn
1150 1425 1359 1490 dtbenieusiam

306 1517 344 1579 ad
364 1513 451 1576 XXX
472 1513 546 1573 viros
566 1512 715 1573 maltorum
743 1510 854 1571 nomina
874 1509 1007 1570 dctrdisse
1031 1515 1233 1591 eorundemque
1252 1513 1360 1577 intutum

307 1621 372 1664 cese
401 1599 615 1660 interfectorem.
662 1595 718 1674 Hic
743 1595 810 1655 mibi
839 1614 940 1655 senens
969 1614 1032 1655 csse
1059 1595 1165 1657 videtur
1193 1597 1241 1680 ᾗ).
1262 1597 1306 1662 85
1327 1611 1358 1663 ut

306 1683 360 1749 86.
383 1696 467 1764 atque
487 1703 527 1743 cx
548 1685 643 1743 rodam
664 1682 722 1741 sere
750 1682 836 1742 rerba
865 1699 930 1741 esse
957 1678 1123 1759 corrigenda
1142 1703 1253 1758 musco,
1276 1685 1358 1748 stui-

308 1768 359 1833 tcri
387 1767 570 1829 emendationi
599 1765 749 1847 praecipue
775 1764 950 1843 assentiens,
983 1787 1048 1827 uam
1076 1787 1148 1848 quac
1174 1768 1302 1833 Bromius
1328 1781 1360 1833 rt

306 1852 445 1918 Francius
473 1862 692 1933 proposuerant,
720 1851 777 1912 nori
806 1849 992 1913 dissimillima
1019 1850 1085 1912 mibi
1112 1873 1176 1915 esse
1209 1856 1353 1937 rideutnr3

307 1942 343 2002 de
364 1949 496 2001 accurata
516 1956 584 2000 reru
606 1935 778 1998 restitutione
793 1937 928 2016 ,desperes
949 1936 1007 1998 iere
1019 1938 1085 2018 quia
1106 1931 1269 2021 ἀπαγωγὴ
1291 1943 1356 2022 ipsa

307 2046 365 2087 non
397 2022 467 2086 satie
495 2021 576 2084 nobis
605 2032 670 2085 nota
698 2033 752 2086 eet.
799 2020 986 2102 Explicatiuni
1019 2023 1129 2104 quidem
1157 2047 1235 2088 meae
1268 2030 1355 2092 rerba

308 2108 429 2173 oratoris
461 2106 491 2193 ξ.
521 2107 575 2172 85.
602 2110 728 2187 obstant,
755 2126 792 2168 cx
819 2109 920 2190 quibes
947 2101 997 2170 ἐπ’
1020 2099 1204 2198 αὐτοφώρῳ
1224 2134 1278 2174 noe
1301 2134 1356 2175 ne-

307 2196 430 2259 cessario
456 2215 518 2257 cnm
549 2186 710 2281 ἀπαγωγῇ
737 2195 913 2275 cunjunctam
940 2195 1028 2256 inisse
1061 2197 1167 2257 ridetur
1194 2208 1276 2280 atquo
1301 2200 1356 2261 boc

306 2285 390 2348 modo
410 2278 534 2343 Maiores
556 2280 650 2364 (Proc.
672 2301 704 2360 p.
726 2277 819 2358 228.)
838 2278 989 2359 explicuit3
1010 2281 1059 2342 sed
1081 2280 1130 2343 ilia
1148 2283 1214 2343 mitri
1235 2287 1272 2346 ab
1285 2305 1354 2348 ora-

307 2378 368 2431 tore
394 2366 512 2430 subdole
539 2386 604 2429 esse
629 2363 761 2444 exposita
790 2364 935 2442 ridentur,
970 2368 1111 2443 Ageratos
1146 2380 1238 2431 antem
1266 2379 1352 2434 tutam

306 2453 442 2517 actiomm
463 2462 559 2533 utpote
580 2450 624 2513 cui
645 2446 685 2510 τὸ
706 2442 751 2511 ἐπ’
777 2441 961 2535 αὐτοφώρῳ
982 2454 1018 2514 sit
1038 2451 1179 2531 propriam
1200 2455 1361 2534 impugna..

306 2549 387 2599 turns
407 2555 480 2599 esec.
525 2535 685 2615 Aguratum
713 2555 781 2610 ergo
803 2553 821 2595 a
842 2535 978 2617 Dionysio
1007 2528 1169 2624 ἀπαγωγῇ
1187 2532 1294 2623 (μόνον
1315 2545 1351 2604 ad

306 2621 353 2685 XI
380 2621 457 2682 virus
491 2622 641 2681 detractem
672 2619 701 2680 in
729 2616 835 2701 jndicio
864 2623 936 2701 qrrod
969 2624 1005 2682 ab
1040 2623 1180 2686 Hciiaetis
1215 2626 1258 2688 Xi
1280 2627 1353 2691 viris

305 2702 481 2789 praesidibus
515 2705 639 2767 habitum
665 2714 710 2766 est
738 2704 828 2767 irater
861 2704 961 2768 uxoris
988 2707 1173 2791 Dionysodori
1208 2714 1353 2776 accusarit

307 2804 485 2874 nostramque
515 2790 612 2854 babuit
643 2789 809 2868 orationem,
838 2812 910 2872 quac
945 2813 1000 2873 quo
1035 2805 1158 2876 tempore
1183 2796 1221 2859 sit
1255 2799 1353 2862 babita
1399 2827 1408 2839 ·

305 2878 412 2941 definiri
434 2878 537 2959 nequit.
560 2877 701 2939 Frauzins
730 2875 781 2952 (de
804 2876 876 2956 Lys.
900 2899 929 2958 p.
950 2876 981 2943 8.
1003 2893 1030 2939 et
1050 2881 1094 2944 ed.
1116 2881 1189 2963 Lyn.
1209 2904 1237 2962 p.
1257 2881 1350 2962 251.)

305 2963 353 3027 01.
375 2958 428 3040 94,
450 2960 482 3025 2.
506 2963 614 3047 posuit3
637 2963 687 3024 sed
712 2971 778 3023 ante
805 2961 852 3025 01.
878 2960 931 3039 94,
954 2959 987 3028 4.
1007 2964 1056 3026 vix
1076 2967 1198 3030 babitans
1221 2989 1286 3031 ease
1305 2991 1350 3035 or.

304 3056 378 3116 recte
404 3049 600 3110 contenderant
625 3046 793 3127 Kmegerns
821 3049 876 3126 (ad
906 3048 989 3114 etius.
1021 3071 1051 3152 p.
1079 3049 1145 3125 97.)
1172 3061 1200 3113 ct
1221 3053 1361 3117 waste..

302 3153 440 3212 mannns3
466 3142 563 3216 orator
586 3130 658 3195 enim
685 3131 752 3193 dicit
772 3131 800 3215 ᾗ.
820 3131 879 3197 83:
904 3127 987 3215 μήτε
1008 3129 1051 3195 ἀν
1070 3132 1148 3216 λέγω
1167 3127 1219 3200 ὅτι
1240 3136 1352 3228 πολλοὶ

298 3211 409 3304 χρόνῳ
438 3205 577 3303 ὕστερον
603 3210 858 3300 τιμωρούμεθα·
890 3211 930 3280 οὐ
953 3213 1021 3317 γὰρ
1059 3201 1154 3303 uiuit
1179 3220 1350 3304 μηδεμίαν

301 3295 537 3367 τῶντοιούτων
557 3295 771 3385 ἀδικημάτων
789 3301 1003 3387 προθεσμιαν
1020 3290 1107 3370 εἶναι
1128 3326 1156 3372 κ.
1171 3327 1200 3372 τ.
1215 3308 1245 3373 λ.
1268 3322 1296 3374 ot
1317 3311 1349 3414 ᾗ.

299 3387 359 3456 84:
380 3380 412 3451 εἰ
430 3386 475 3467 dt,
486 3383 591 3453 πάλαι
600 3386 677 3452 δέον
687 3388 919 3472 τιμωρεῖσθαι,
933 3381 1069 3475 ὕστερον
1084 3389 1176 3476 ἡμεῖς
1186 3414 1350 3480 τιμωρου-

299 3473 407 3559 peda
435 3476 540 3539 Nescio
556 3497 621 3539 vero
636 3497 701 3537 nnm
712 3475 794 3537 etiem
807 3476 855 3541 01.
865 3473 918 3555 94,
928 3476 959 3540 4.
977 3480 1127 3542 orationum
1140 3482 1264 3544 habitam
1282 3503 1350 3547 erae

306 3563 450 3644 possimne
466 3574 605 3639 stateem
621 3562 765 3642 Ageratos
776 3562 847 3624 cuim
857 3563 957 3644 culpan
975 3564 1078 3646 aliquid
1099 3566 1127 3627 in
1143 3565 1348 3632 Merreetratnm
1427 3605 1429 3622 ·

300 3646 457 3709 conferendi
468 3647 612 3729 consilinm
623 3660 754 3727 ceperam
769 3651 842 3731 qnod
856 3669 920 3712 esse
931 3650 1037 3712 irritam
1047 3653 1217 3714 demonstrat
1232 3668 1359 3737 eratnr3.

298 3731 498 3795 Menestratnrn
511 3735 583 3795 enim
595 3737 630 3796 ab
642 3735 771 3814 Aguruto
781 3744 941 3797 accusatam
957 3736 1042 3813 ciras,
1054 3746 1082 3797 nt
1091 3756 1171 3798 naam
1183 3737 1268 3800 ritem
1282 3762 1347 3800 err.

296 3828 384 3896 naret,
396 3816 522 3880 adXXX
528 3818 604 3882 viros
614 3819 759 3897 rimulissc,
769 3831 891 3886 ettamen
901 3841 966 3884 raro
976 3817 1086 3909 πολλῷ
1090 3817 1201 3909 χρόνῳ
1208 3812 1360 3909 ὕστερον·

294 3905 333 3966 ab
342 3902 558 3967 Atheniensibus
571 3924 636 3967 cese
650 3905 751 3986 cepitis
764 3908 932 3968 deminutam
947 3905 991 3990 (ᾗ.
1002 3907 1055 3971 56.
1061 3926 1083 3991 ).
1106 3913 1187 3985 deae
1196 3913 1233 3973 de
1243 3912 1345 3974 Merra-

294 3996 384 4051 atretu
405 3989 543 4052 sententia
562 3991 614 4055 rix
634 4001 699 4051 ente
720 3988 769 4053 ot.
790 3988 843 4068 94,
863 3988 896 4056 4.
912 3990 1046 4055 iataosse
1056 3994 1179 4075 ridetur,
1201 4014 1343 4061 cannam

291 4076 357 4157 quin
382 4074 525 4158 igneam
554 4077 589 4138 do
618 4074 702 4157 calpa
731 4075 761 4137 in
781 4076 865 4139 intem
885 4078 1050 4141 remerenda
1069 4091 1181 4161 pateret
1200 4083 1339 4165 negitare,
1427 4075 1429 4118 ³
