<?xml version="1.0" encoding="UTF-8"?>
<!DOCTYPE html PUBLIC "-//W3C//DTD XHTML 1.0 Transitional//EN"
    "http://www.w3.org/TR/xhtml1/DTD/xhtml1-transitional.dtd">
<html xmlns="http://www.w3.org/1999/xhtml" xml:lang="en" lang="en">
 <head>
  <title>
</title>
<meta http-equiv="Content-Type" content="text/html;charset=utf-8" />
  <meta name='ocr-system' content='tesseract 3.04.00' />
  <meta name='ocr-capabilities' content='ocr_page ocr_carea ocr_par ocr_line ocrx_word'/>
</head>
<body>
  <div class='ocr_page' id='page_1' title='image "./devitaetscripti00lysigoog_0092.png"; bbox 0 0 2892 4684; ppageno 0'>
   <div class='ocr_carea' id='block_1_1' title="bbox 217 305 341 387">
    <p class='ocr_par' dir='ltr' id='par_1_1' title="bbox 217 305 341 387">
     <span class='ocr_line' id='line_1_1' title="bbox 217 305 341 387; baseline -0.008 -7"><span class='ocrx_word' id='word_1_1' title='bbox 217 360 225 387; x_wconf 71' lang='grc'><strong>.,</strong></span> <span class='ocrx_word' id='word_1_2' title='bbox 289 305 341 379; x_wconf 80' lang='lat' dir='ltr'><strong>aa</strong></span> 
     </span>
    </p>
   </div>
   <div class='ocr_carea' id='block_1_2' title="bbox 296 478 1350 733">
    <p class='ocr_par' dir='ltr' id='par_1_2' title="bbox 296 478 1350 733">
     <span class='ocr_line' id='line_1_2' title="bbox 296 478 1350 572; baseline -0.007 -22"><span class='ocrx_word' id='word_1_3' title='bbox 296 484 431 572; x_wconf 81' lang='lat' dir='ltr'><strong>proelium</strong></span> <span class='ocrx_word' id='word_1_4' title='bbox 457 482 624 555; x_wconf 82' lang='lat' dir='ltr'><strong>Plataeodse</strong></span> <span class='ocrx_word' id='word_1_5' title='bbox 649 482 776 565; x_wconf 65' lang='lat' dir='ltr'><strong>agitasse</strong></span> <span class='ocrx_word' id='word_1_6' title='bbox 802 478 878 544; x_wconf 72' lang='lat' dir='ltr'><strong>luiso</strong></span> <span class='ocrx_word' id='word_1_7' title='bbox 898 491 1002 548; x_wconf 76' lang='lat' dir='ltr'><strong>uomet.</strong></span> <span class='ocrx_word' id='word_1_8' title='bbox 1045 481 1149 547; x_wconf 69' lang='lat' dir='ltr'><strong>Nescio</strong></span> <span class='ocrx_word' id='word_1_9' title='bbox 1169 480 1257 558; x_wconf 68' lang='lat' dir='ltr'><strong>ipitm</strong></span> <span class='ocrx_word' id='word_1_10' title='bbox 1276 498 1350 545; x_wconf 78' lang='lat' dir='ltr'><strong>uum</strong></span> 
     </span>
     <span class='ocr_line' id='line_1_3' title="bbox 297 566 1350 652; baseline -0.007 -17"><span class='ocrx_word' id='word_1_11' title='bbox 297 576 428 645; x_wconf 76' lang='lat' dir='ltr'><strong>audacter</strong></span> <span class='ocrx_word' id='word_1_12' title='bbox 447 591 532 652; x_wconf 76' lang='lat' dir='ltr'><strong>agam</strong></span> <span class='ocrx_word' id='word_1_13' title='bbox 546 574 628 632; x_wconf 81' lang='lat' dir='ltr'><strong>‘hunc</strong></span> <span class='ocrx_word' id='word_1_14' title='bbox 647 566 818 652; x_wconf 71' lang='lat' dir='ltr'><strong>epitaphium</strong></span> <span class='ocrx_word' id='word_1_15' title='bbox 838 568 958 648; x_wconf 82' lang='lat' dir='ltr'><strong>aLysia</strong></span> <span class='ocrx_word' id='word_1_16' title='bbox 977 567 1150 649; x_wconf 73' lang='lat' dir='ltr'><strong>abjudicans.</strong></span> <span class='ocrx_word' id='word_1_17' title='bbox 1171 567 1350 648; x_wconf 77' lang='lat' dir='ltr'><strong>Rectaqui-</strong></span> 
     </span>
     <span class='ocr_line' id='line_1_4' title="bbox 297 650 1349 733; baseline -0.007 -13"><span class='ocrx_word' id='word_1_18' title='bbox 297 663 360 723; x_wconf 90' lang='lat' dir='ltr'><strong>dem</strong></span> <span class='ocrx_word' id='word_1_19' title='bbox 380 658 504 729; x_wconf 80' lang='lat' dir='ltr'><strong>Joauuea</strong></span> <span class='ocrx_word' id='word_1_20' title='bbox 524 655 649 721; x_wconf 83' lang='lat' dir='ltr'><strong>Siciiiota</strong></span> <span class='ocrx_word' id='word_1_21' title='bbox 670 651 785 731; x_wconf 78' lang='lat' dir='ltr'><strong>tsuhoi.</strong></span> <span class='ocrx_word' id='word_1_22' title='bbox 806 650 905 717; x_wconf 82' lang='lat' dir='ltr'><strong>Herm.</strong></span> <span class='ocrx_word' id='word_1_23' title='bbox 925 653 1054 721; x_wconf 71' lang='lat' dir='ltr'><strong>adinum</strong></span> <span class='ocrx_word' id='word_1_24' title='bbox 1076 654 1117 719; x_wconf 83' lang='grc' dir='ltr'><strong>Τ.</strong></span> <span class='ocrx_word' id='word_1_25' title='bbox 1131 652 1193 731; x_wconf 66' lang='lat' dir='ltr'><strong>Vl„</strong></span> <span class='ocrx_word' id='word_1_26' title='bbox 1215 675 1244 733; x_wconf 81' lang='lat' dir='ltr'><strong>p.</strong></span> <span class='ocrx_word' id='word_1_27' title='bbox 1266 651 1349 727; x_wconf 83' lang='grc'><strong>292.</strong></span> 
     </span>
    </p>
   </div>
   <div class='ocr_carea' id='block_1_3' title="bbox 191 736 1352 823">
    <p class='ocr_par' dir='ltr' id='par_1_3' title="bbox 191 736 1352 823">
     <span class='ocr_line' id='line_1_5' title="bbox 191 736 1352 823; baseline -0.005 -17"><span class='ocrx_word' id='word_1_28' title='bbox 191 812 193 819; x_wconf 48' lang='grc'><strong>,</strong></span> <span class='ocrx_word' id='word_1_29' title='bbox 299 740 368 823; x_wconf 74' lang='lat' dir='ltr'><strong>W.)</strong></span> <span class='ocrx_word' id='word_1_30' title='bbox 396 763 460 805; x_wconf 88' lang='lat' dir='ltr'><strong>eum</strong></span> <span class='ocrx_word' id='word_1_31' title='bbox 485 739 700 803; x_wconf 84' lang='lat' dir='ltr'><strong>Demosthenico</strong></span> <span class='ocrx_word' id='word_1_32' title='bbox 721 737 844 801; x_wconf 79' lang='lat' dir='ltr'><strong>affirmat</strong></span> <span class='ocrx_word' id='word_1_33' title='bbox 870 736 959 800; x_wconf 90' lang='lat' dir='ltr'><strong>multo</strong></span> <span class='ocrx_word' id='word_1_34' title='bbox 992 758 1057 802; x_wconf 85' lang='lat' dir='ltr'><strong>esse</strong></span> <span class='ocrx_word' id='word_1_35' title='bbox 1076 738 1266 821; x_wconf 79' lang='lat' dir='ltr'><strong>superiorem,</strong></span> <span class='ocrx_word' id='word_1_36' title='bbox 1294 740 1352 800; x_wconf 82' lang='lat' dir='ltr'><strong>sed</strong></span> 
     </span>
    </p>
   </div>
   <div class='ocr_carea' id='block_1_4' title="bbox 287 822 1364 2784">
    <p class='ocr_par' dir='ltr' id='par_1_4' title="bbox 287 822 1364 2784">
     <span class='ocr_line' id='line_1_6' title="bbox 298 822 1352 910; baseline -0.007 -19"><span class='ocrx_word' id='word_1_37' title='bbox 298 828 464 910; x_wconf 77' lang='lat' dir='ltr'><strong>Lysiaeum</strong></span> <span class='ocrx_word' id='word_1_38' title='bbox 484 826 704 905; x_wconf 76' lang='lat' dir='ltr'><strong>esseiudiguum</strong></span> <span class='ocrx_word' id='word_1_39' title='bbox 723 836 823 891; x_wconf 81' lang='lat' dir='ltr'><strong>costra</strong></span> <span class='ocrx_word' id='word_1_40' title='bbox 842 823 1069 887; x_wconf 85' lang='lat' dir='ltr'><strong>omuiaueterum</strong></span> <span class='ocrx_word' id='word_1_41' title='bbox 1078 824 1235 889; x_wconf 87' lang='lat' dir='ltr'><strong>testimonia</strong></span> <span class='ocrx_word' id='word_1_42' title='bbox 1255 822 1352 893; x_wconf 73' lang='lat' dir='ltr'><strong>credi·</strong></span> 
     </span>
     <span class='ocr_line' id='line_1_7' title="bbox 298 906 1350 989; baseline -0.008 -12"><span class='ocrx_word' id='word_1_43' title='bbox 298 913 396 977; x_wconf 84' lang='lat' dir='ltr'><strong>decim.</strong></span> <span class='ocrx_word' id='word_1_44' title='bbox 446 911 582 973; x_wconf 82' lang='lat' dir='ltr'><strong>Fortasse</strong></span> <span class='ocrx_word' id='word_1_45' title='bbox 610 908 773 989; x_wconf 85' lang='lat' dir='ltr'><strong>suspiceris,</strong></span> <span class='ocrx_word' id='word_1_46' title='bbox 800 908 977 971; x_wconf 78' lang='lat' dir='ltr'><strong>Aristotelem</strong></span> <span class='ocrx_word' id='word_1_47' title='bbox 1005 929 1059 968; x_wconf 87' lang='lat' dir='ltr'><strong>uon</strong></span> <span class='ocrx_word' id='word_1_48' title='bbox 1082 913 1154 968; x_wconf 88' lang='lat' dir='ltr'><strong>hune</strong></span> <span class='ocrx_word' id='word_1_49' title='bbox 1174 906 1350 987; x_wconf 71' lang='lat' dir='ltr'><strong>epitaphium</strong></span> 
     </span>
     <span class='ocr_line' id='line_1_8' title="bbox 300 989 1349 1075; baseline -0.007 -16"><span class='ocrx_word' id='word_1_50' title='bbox 300 994 471 1075; x_wconf 78' lang='lat' dir='ltr'><strong>significare,</strong></span> <span class='ocrx_word' id='word_1_51' title='bbox 491 997 563 1074; x_wconf 85' lang='lat' dir='ltr'><strong>qnod</strong></span> <span class='ocrx_word' id='word_1_52' title='bbox 584 996 619 1056; x_wconf 92' lang='lat' dir='ltr'><strong>de</strong></span> <span class='ocrx_word' id='word_1_53' title='bbox 640 995 707 1073; x_wconf 81' lang='lat' dir='ltr'><strong>uiris</strong></span> <span class='ocrx_word' id='word_1_54' title='bbox 728 991 757 1053; x_wconf 89' lang='lat' dir='ltr'><strong>iu</strong></span> <span class='ocrx_word' id='word_1_55' title='bbox 778 989 885 1071; x_wconf 87' lang='lat' dir='ltr'><strong>proelio</strong></span> <span class='ocrx_word' id='word_1_56' title='bbox 906 991 1061 1055; x_wconf 84' lang='lat' dir='ltr'><strong>Salaminio</strong></span> <span class='ocrx_word' id='word_1_57' title='bbox 1082 992 1175 1055; x_wconf 84' lang='lat' dir='ltr'><strong>caesis</strong></span> <span class='ocrx_word' id='word_1_58' title='bbox 1195 991 1349 1072; x_wconf 78' lang='lat' dir='ltr'><strong>loquatur-3</strong></span> 
     </span>
     <span class='ocr_line' id='line_1_9' title="bbox 300 1072 1364 1162; baseline -0.005 -20"><span class='ocrx_word' id='word_1_59' title='bbox 300 1072 352 1147; x_wconf 82' lang='lat' dir='ltr'><strong>red</strong></span> <span class='ocrx_word' id='word_1_60' title='bbox 378 1081 446 1161; x_wconf 86' lang='lat' dir='ltr'><strong>qnia</strong></span> <span class='ocrx_word' id='word_1_61' title='bbox 472 1078 616 1140; x_wconf 79' lang='lat' dir='ltr'><strong>anticulum</strong></span> <span class='ocrx_word' id='word_1_62' title='bbox 645 1075 692 1162; x_wconf 78' lang='grc' dir='ltr'><strong>τῷ</strong></span> <span class='ocrx_word' id='word_1_63' title='bbox 716 1076 821 1139; x_wconf 81' lang='lat' dir='ltr'><strong>addidit</strong></span> <span class='ocrx_word' id='word_1_64' title='bbox 847 1097 936 1157; x_wconf 89' lang='lat' dir='ltr'><strong>eaque</strong></span> <span class='ocrx_word' id='word_1_65' title='bbox 962 1077 1027 1158; x_wconf 86' lang='lat' dir='ltr'><strong>ipsa</strong></span> <span class='ocrx_word' id='word_1_66' title='bbox 1055 1078 1143 1141; x_wconf 83' lang='lat' dir='ltr'><strong>recha</strong></span> <span class='ocrx_word' id='word_1_67' title='bbox 1170 1076 1286 1139; x_wconf 86' lang='lat' dir='ltr'><strong>laudant</strong></span> <span class='ocrx_word' id='word_1_68' title='bbox 1308 1083 1364 1151; x_wconf 61' lang='lat' dir='ltr'><strong>eps*</strong></span> 
     </span>
     <span class='ocr_line' id='line_1_10' title="bbox 300 1161 1350 1247; baseline -0.002 -18"><span class='ocrx_word' id='word_1_69' title='bbox 300 1163 408 1247; x_wconf 80' lang='lat' dir='ltr'><strong>Lysiae</strong></span> <span class='ocrx_word' id='word_1_70' title='bbox 433 1164 497 1246; x_wconf 87' lang='lat' dir='ltr'><strong>epit.</strong></span> <span class='ocrx_word' id='word_1_71' title='bbox 525 1163 621 1229; x_wconf 87' lang='lat' dir='ltr'><strong>Schui.</strong></span> <span class='ocrx_word' id='word_1_72' title='bbox 650 1163 755 1226; x_wconf 79' lang='lat' dir='ltr'><strong>desub.</strong></span> <span class='ocrx_word' id='word_1_73' title='bbox 784 1169 812 1223; x_wconf 88' lang='lat' dir='ltr'><strong>ct</strong></span> <span class='ocrx_word' id='word_1_74' title='bbox 837 1161 943 1226; x_wconf 79' lang='lat' dir='ltr'><strong>Auccd.</strong></span> <span class='ocrx_word' id='word_1_75' title='bbox 964 1161 1055 1227; x_wconf 83' lang='lat' dir='ltr'><strong>Bekk.</strong></span> <span class='ocrx_word' id='word_1_76' title='bbox 1080 1164 1099 1228; x_wconf 89' lang='grc' dir='ltr'><strong>Ι.</strong></span> <span class='ocrx_word' id='word_1_77' title='bbox 1122 1162 1143 1227; x_wconf 79' lang='lat' dir='ltr'><strong>l.</strong></span> <span class='ocrx_word' id='word_1_78' title='bbox 1168 1161 1350 1227; x_wconf 79' lang='lat' dir='ltr'><strong>Aristotelem</strong></span> 
     </span>
     <span class='ocr_line' id='line_1_11' title="bbox 299 1247 1349 1329; baseline -0.006 -15"><span class='ocrx_word' id='word_1_79' title='bbox 299 1251 457 1315; x_wconf 86' lang='lat' dir='ltr'><strong>memoriter</strong></span> <span class='ocrx_word' id='word_1_80' title='bbox 483 1249 596 1327; x_wconf 83' lang='lat' dir='ltr'><strong>citasse,</strong></span> <span class='ocrx_word' id='word_1_81' title='bbox 644 1247 861 1310; x_wconf 83' lang='lat' dir='ltr'><strong>Westermauuo</strong></span> <span class='ocrx_word' id='word_1_82' title='bbox 882 1249 1042 1313; x_wconf 85' lang='lat' dir='ltr'><strong>concedam.</strong></span> <span class='ocrx_word' id='word_1_83' title='bbox 1086 1249 1143 1311; x_wconf 86' lang='lat' dir='ltr'><strong>Sed</strong></span> <span class='ocrx_word' id='word_1_84' title='bbox 1166 1250 1219 1310; x_wconf 90' lang='lat' dir='ltr'><strong>hoc</strong></span> <span class='ocrx_word' id='word_1_85' title='bbox 1244 1266 1349 1329; x_wconf 80' lang='lat' dir='ltr'><strong>parom</strong></span> 
     </span>
     <span class='ocr_line' id='line_1_12' title="bbox 297 1332 1348 1416; baseline -0.005 -18"><span class='ocrx_word' id='word_1_86' title='bbox 297 1336 392 1398; x_wconf 81' lang='lat' dir='ltr'><strong>refert.</strong></span> <span class='ocrx_word' id='word_1_87' title='bbox 415 1335 504 1396; x_wconf 82' lang='lat' dir='ltr'><strong>Erant</strong></span> <span class='ocrx_word' id='word_1_88' title='bbox 525 1334 572 1413; x_wconf 84' lang='lat' dir='ltr'><strong>qni</strong></span> <span class='ocrx_word' id='word_1_89' title='bbox 588 1332 809 1409; x_wconf 22' lang='lat' dir='ltr'><strong>‘conclamareuh</strong></span> <span class='ocrx_word' id='word_1_90' title='bbox 832 1332 982 1394; x_wconf 81' lang='lat' dir='ltr'><strong>Isocratem</strong></span> <span class='ocrx_word' id='word_1_91' title='bbox 995 1334 1024 1395; x_wconf 87' lang='lat' dir='ltr'><strong>in</strong></span> <span class='ocrx_word' id='word_1_92' title='bbox 1038 1334 1242 1416; x_wconf 77' lang='lat' dir='ltr'><strong>Panegyricum</strong></span> <span class='ocrx_word' id='word_1_93' title='bbox 1263 1354 1348 1401; x_wconf 86' lang='lat' dir='ltr'><strong>suum</strong></span> 
     </span>
     <span class='ocr_line' id='line_1_13' title="bbox 297 1418 1347 1502; baseline -0.001 -17"><span class='ocrx_word' id='word_1_94' title='bbox 297 1441 337 1485; x_wconf 87' lang='lat' dir='ltr'><strong>ex</strong></span> <span class='ocrx_word' id='word_1_95' title='bbox 358 1420 464 1501; x_wconf 76' lang='lat' dir='ltr'><strong>Lysiae</strong></span> <span class='ocrx_word' id='word_1_96' title='bbox 484 1418 673 1502; x_wconf 83' lang='lat' dir='ltr'><strong>Epitaphioot</strong></span> <span class='ocrx_word' id='word_1_97' title='bbox 684 1418 810 1499; x_wconf 83' lang='lat' dir='ltr'><strong>Gorgiae</strong></span> <span class='ocrx_word' id='word_1_98' title='bbox 827 1418 992 1501; x_wconf 80' lang='lat' dir='ltr'><strong>Olympiaca</strong></span> <span class='ocrx_word' id='word_1_99' title='bbox 1012 1419 1068 1501; x_wconf 86' lang='lat' dir='ltr'><strong>(ci.</strong></span> <span class='ocrx_word' id='word_1_100' title='bbox 1083 1420 1217 1501; x_wconf 77' lang='lat' dir='ltr'><strong>Spengel.</strong></span> <span class='ocrx_word' id='word_1_101' title='bbox 1229 1436 1347 1500; x_wconf 73' lang='grc' dir='ltr'><strong><em>σοναν.</em></strong></span> 
     </span>
     <span class='ocr_line' id='line_1_14' title="bbox 298 1502 1348 1589; baseline -0.005 -17"><span class='ocrx_word' id='word_1_102' title='bbox 298 1529 330 1589; x_wconf 74' lang='grc' dir='ltr'><strong>ρ.</strong></span> <span class='ocrx_word' id='word_1_103' title='bbox 351 1504 404 1589; x_wconf 76' lang='lat' dir='ltr'><strong>dd.</strong></span> <span class='ocrx_word' id='word_1_104' title='bbox 430 1505 519 1570; x_wconf 81' lang='lat' dir='ltr'><strong>Fose.</strong></span> <span class='ocrx_word' id='word_1_105' title='bbox 540 1507 575 1568; x_wconf 85' lang='lat' dir='ltr'><strong>de</strong></span> <span class='ocrx_word' id='word_1_106' title='bbox 597 1505 688 1586; x_wconf 77' lang='lat' dir='ltr'><strong>Gorg.</strong></span> <span class='ocrx_word' id='word_1_107' title='bbox 709 1526 741 1588; x_wconf 86' lang='lat' dir='ltr'><strong>p.</strong></span> <span class='ocrx_word' id='word_1_108' title='bbox 774 1502 842 1584; x_wconf 78' lang='lat' dir='ltr'><strong>de.)</strong></span> <span class='ocrx_word' id='word_1_109' title='bbox 864 1507 953 1567; x_wconf 88' lang='lat' dir='ltr'><strong>muita</strong></span> <span class='ocrx_word' id='word_1_110' title='bbox 972 1524 1036 1568; x_wconf 87' lang='lat' dir='ltr'><strong>esse</strong></span> <span class='ocrx_word' id='word_1_111' title='bbox 1056 1506 1176 1569; x_wconf 83' lang='lat' dir='ltr'><strong>iuratum</strong></span> <span class='ocrx_word' id='word_1_112' title='bbox 1199 1506 1249 1583; x_wconf 83' lang='lat' dir='ltr'><strong>(cf.</strong></span> <span class='ocrx_word' id='word_1_113' title='bbox 1271 1506 1348 1567; x_wconf 86' lang='lat' dir='ltr'><strong>Pint.</strong></span> 
     </span>
     <span class='ocr_line' id='line_1_15' title="bbox 296 1589 1349 1671; baseline -0.005 -15"><span class='ocrx_word' id='word_1_114' title='bbox 296 1595 348 1661; x_wconf 81' lang='lat' dir='ltr'><strong>uit.</strong></span> <span class='ocrx_word' id='word_1_115' title='bbox 369 1590 620 1671; x_wconf 78' lang='lat' dir='ltr'><strong>tsocr.‚·1hitosn.</strong></span> <span class='ocrx_word' id='word_1_116' title='bbox 650 1590 702 1655; x_wconf 83' lang='lat' dir='ltr'><strong>uit.</strong></span> <span class='ocrx_word' id='word_1_117' title='bbox 731 1592 815 1670; x_wconf 85' lang='lat' dir='ltr'><strong>soph.</strong></span> <span class='ocrx_word' id='word_1_118' title='bbox 835 1589 859 1652; x_wconf 88' lang='grc' dir='ltr'><strong>Ι.</strong></span> <span class='ocrx_word' id='word_1_119' title='bbox 881 1590 935 1655; x_wconf 88' lang='grc'><strong>17.</strong></span> <span class='ocrx_word' id='word_1_120' title='bbox 957 1590 1069 1655; x_wconf 75' lang='lat' dir='ltr'><strong>Theou.</strong></span> <span class='ocrx_word' id='word_1_121' title='bbox 1091 1589 1117 1654; x_wconf 91' lang='grc' dir='ltr'><strong>Ι.</strong></span> <span class='ocrx_word' id='word_1_122' title='bbox 1140 1589 1228 1668; x_wconf 83' lang='grc'><strong>18.),</strong></span> <span class='ocrx_word' id='word_1_123' title='bbox 1250 1599 1349 1661; x_wconf 81' lang='lat' dir='ltr'><strong>contra</strong></span> 
     </span>
     <span class='ocr_line' id='line_1_16' title="bbox 298 1672 1348 1758; baseline 0.002 -20"><span class='ocrx_word' id='word_1_124' title='bbox 298 1698 382 1758; x_wconf 82' lang='lat' dir='ltr'><strong>quam</strong></span> <span class='ocrx_word' id='word_1_125' title='bbox 403 1677 608 1741; x_wconf 79' lang='lat' dir='ltr'><strong>accusationem</strong></span> <span class='ocrx_word' id='word_1_126' title='bbox 624 1673 778 1739; x_wconf 83' lang='lat' dir='ltr'><strong>Isocratem</strong></span> <span class='ocrx_word' id='word_1_127' title='bbox 801 1684 876 1736; x_wconf 83' lang='lat' dir='ltr'><strong>recte</strong></span> <span class='ocrx_word' id='word_1_128' title='bbox 894 1672 1015 1747; x_wconf 74' lang='lat' dir='ltr'><strong>defendit</strong></span> <span class='ocrx_word' id='word_1_129' title='bbox 1035 1677 1152 1739; x_wconf 87' lang='lat' dir='ltr'><strong>Photius</strong></span> <span class='ocrx_word' id='word_1_130' title='bbox 1172 1675 1265 1756; x_wconf 65' lang='lat' dir='ltr'><strong>(tint</strong></span> <span class='ocrx_word' id='word_1_131' title='bbox 1280 1678 1348 1741; x_wconf 83' lang='lat' dir='ltr'><strong>cod.</strong></span> 
     </span>
     <span class='ocr_line' id='line_1_17' title="bbox 289 1759 1349 1844; baseline -0.002 -19"><span class='ocrx_word' id='word_1_132' title='bbox 289 1760 397 1844; x_wconf 64' lang='lat' dir='ltr'><strong>ahu).</strong></span> <span class='ocrx_word' id='word_1_133' title='bbox 439 1760 575 1843; x_wconf 82' lang='lat' dir='ltr'><strong>Equidem</strong></span> <span class='ocrx_word' id='word_1_134' title='bbox 608 1761 702 1841; x_wconf 83' lang='lat' dir='ltr'><strong>potina</strong></span> <span class='ocrx_word' id='word_1_135' title='bbox 734 1759 904 1838; x_wconf 81' lang='lat' dir='ltr'><strong>crediderim,</strong></span> <span class='ocrx_word' id='word_1_136' title='bbox 932 1762 1074 1824; x_wconf 78' lang='lat' dir='ltr'><strong>auctorem</strong></span> <span class='ocrx_word' id='word_1_137' title='bbox 1103 1760 1236 1844; x_wconf 83' lang='lat' dir='ltr'><strong>epitaphii</strong></span> <span class='ocrx_word' id='word_1_138' title='bbox 1259 1762 1349 1833; x_wconf 81' lang='lat' dir='ltr'><strong>nostri</strong></span> 
     </span>
     <span class='ocr_line' id='line_1_18' title="bbox 297 1845 1347 1928; baseline 0 -17"><span class='ocrx_word' id='word_1_139' title='bbox 297 1848 385 1911; x_wconf 87' lang='lat' dir='ltr'><strong>muita</strong></span> <span class='ocrx_word' id='word_1_140' title='bbox 406 1866 443 1909; x_wconf 87' lang='lat' dir='ltr'><strong>ex</strong></span> <span class='ocrx_word' id='word_1_141' title='bbox 463 1847 550 1910; x_wconf 88' lang='lat' dir='ltr'><strong>leocr.</strong></span> <span class='ocrx_word' id='word_1_142' title='bbox 572 1846 713 1928; x_wconf 73' lang='lat' dir='ltr'><strong>Panegyr.</strong></span> <span class='ocrx_word' id='word_1_143' title='bbox 735 1845 766 1905; x_wconf 88' lang='lat' dir='ltr'><strong>iu</strong></span> <span class='ocrx_word' id='word_1_144' title='bbox 786 1864 866 1908; x_wconf 90' lang='lat' dir='ltr'><strong>usum</strong></span> <span class='ocrx_word' id='word_1_145' title='bbox 886 1847 1151 1911; x_wconf 83' lang='lat' dir='ltr'><strong>sunmeouncrtisse</strong></span> <span class='ocrx_word' id='word_1_146' title='bbox 1171 1848 1221 1927; x_wconf 81' lang='lat' dir='ltr'><strong>(ei.</strong></span> <span class='ocrx_word' id='word_1_147' title='bbox 1242 1846 1347 1917; x_wconf 82' lang='lat' dir='ltr'><strong>Pseud.</strong></span> 
     </span>
     <span class='ocr_line' id='line_1_19' title="bbox 287 1929 1350 2015; baseline 0.003 -21"><span class='ocrx_word' id='word_1_148' title='bbox 287 1936 334 2001; x_wconf 82' lang='lat' dir='ltr'><strong>‚de</strong></span> <span class='ocrx_word' id='word_1_149' title='bbox 354 1930 445 2003; x_wconf 81' lang='lat' dir='ltr'><strong>Iacer.</strong></span> <span class='ocrx_word' id='word_1_150' title='bbox 468 1954 498 2013; x_wconf 88' lang='lat' dir='ltr'><strong>p.</strong></span> <span class='ocrx_word' id='word_1_151' title='bbox 522 1929 575 1997; x_wconf 90' lang='grc'><strong>19.</strong></span> <span class='ocrx_word' id='word_1_152' title='bbox 604 1931 712 2013; x_wconf 88' lang='lat' dir='ltr'><strong>Saupp.</strong></span> <span class='ocrx_word' id='word_1_153' title='bbox 740 1930 768 1992; x_wconf 88' lang='lat' dir='ltr'><strong>iu</strong></span> <span class='ocrx_word' id='word_1_154' title='bbox 796 1930 1291 2014; x_wconf 73' lang='lat' dir='ltr'><strong>acut.aottq.unrmsur.1835‚</strong></span> <span class='ocrx_word' id='word_1_155' title='bbox 1315 1954 1350 2015; x_wconf 88' lang='lat' dir='ltr'><strong>p.</strong></span> 
     </span>
     <span class='ocr_line' id='line_1_20' title="bbox 298 2014 1351 2100; baseline -0.001 -19"><span class='ocrx_word' id='word_1_156' title='bbox 298 2014 407 2098; x_wconf 83' lang='lat'><strong>405.).</strong></span> <span class='ocrx_word' id='word_1_157' title='bbox 451 2016 483 2078; x_wconf 87' lang='lat' dir='ltr'><strong>lu</strong></span> <span class='ocrx_word' id='word_1_158' title='bbox 504 2016 624 2099; x_wconf 79' lang='lat' dir='ltr'><strong>singuiis</strong></span> <span class='ocrx_word' id='word_1_159' title='bbox 645 2017 756 2100; x_wconf 86' lang='lat' dir='ltr'><strong>quidem</strong></span> <span class='ocrx_word' id='word_1_160' title='bbox 775 2016 920 2080; x_wconf 84' lang='lat' dir='ltr'><strong>roeahrdie</strong></span> <span class='ocrx_word' id='word_1_161' title='bbox 942 2022 994 2080; x_wconf 88' lang='lat' dir='ltr'><strong>hoc</strong></span> <span class='ocrx_word' id='word_1_162' title='bbox 1014 2019 1155 2081; x_wconf 80' lang='lat' dir='ltr'><strong>iilustrare</strong></span> <span class='ocrx_word' id='word_1_163' title='bbox 1175 2030 1218 2081; x_wconf 86' lang='lat' dir='ltr'><strong>est</strong></span> <span class='ocrx_word' id='word_1_164' title='bbox 1238 2016 1351 2080; x_wconf 62' lang='lat' dir='ltr'><strong>diffide</strong></span> 
     </span>
     <span class='ocr_line' id='line_1_21' title="bbox 298 2102 1351 2186; baseline 0.004 -21"><span class='ocrx_word' id='word_1_165' title='bbox 298 2103 412 2185; x_wconf 83' lang='lat' dir='ltr'><strong>limum;</strong></span> <span class='ocrx_word' id='word_1_166' title='bbox 440 2102 467 2166; x_wconf 89' lang='lat' dir='ltr'><strong>si</strong></span> <span class='ocrx_word' id='word_1_167' title='bbox 494 2123 561 2167; x_wconf 85' lang='lat' dir='ltr'><strong>vcro</strong></span> <span class='ocrx_word' id='word_1_168' title='bbox 581 2104 694 2166; x_wconf 85' lang='lat' dir='ltr'><strong>sahuius</strong></span> <span class='ocrx_word' id='word_1_169' title='bbox 714 2103 851 2184; x_wconf 81' lang='lat' dir='ltr'><strong>mythicon</strong></span> <span class='ocrx_word' id='word_1_170' title='bbox 869 2103 1042 2186; x_wconf 85' lang='lat' dir='ltr'><strong>respicimus,</strong></span> <span class='ocrx_word' id='word_1_171' title='bbox 1069 2107 1107 2168; x_wconf 87' lang='lat' dir='ltr'><strong>ah</strong></span> <span class='ocrx_word' id='word_1_172' title='bbox 1129 2103 1257 2168; x_wconf 87' lang='lat' dir='ltr'><strong>Isocrate</strong></span> <span class='ocrx_word' id='word_1_173' title='bbox 1284 2109 1351 2169; x_wconf 82' lang='lat' dir='ltr'><strong>hro·</strong></span> 
     </span>
     <span class='ocr_line' id='line_1_22' title="bbox 297 2188 1350 2269; baseline -0.004 -14"><span class='ocrx_word' id='word_1_174' title='bbox 297 2190 376 2255; x_wconf 74' lang='lat' dir='ltr'><strong>aiore</strong></span> <span class='ocrx_word' id='word_1_175' title='bbox 402 2198 430 2251; x_wconf 92' lang='lat' dir='ltr'><strong>et</strong></span> <span class='ocrx_word' id='word_1_176' title='bbox 455 2188 626 2261; x_wconf 79' lang='lat' dir='ltr'><strong>accuratiore</strong></span> <span class='ocrx_word' id='word_1_177' title='bbox 651 2189 810 2252; x_wconf 81' lang='lat' dir='ltr'><strong>narratione</strong></span> <span class='ocrx_word' id='word_1_178' title='bbox 843 2198 976 2252; x_wconf 86' lang='lat' dir='ltr'><strong>tractatas</strong></span> <span class='ocrx_word' id='word_1_179' title='bbox 1006 2210 1056 2253; x_wconf 82' lang='lat' dir='ltr'><strong>eae</strong></span> <span class='ocrx_word' id='word_1_180' title='bbox 1076 2210 1140 2253; x_wconf 88' lang='lat' dir='ltr'><strong>asse</strong></span> <span class='ocrx_word' id='word_1_181' title='bbox 1160 2192 1297 2269; x_wconf 85' lang='lat' dir='ltr'><strong>uidemus,</strong></span> <span class='ocrx_word' id='word_1_182' title='bbox 1318 2200 1350 2252; x_wconf 92' lang='lat' dir='ltr'><strong>ut</strong></span> 
     </span>
     <span class='ocr_line' id='line_1_23' title="bbox 299 2272 1350 2358; baseline 0.002 -22"><span class='ocrx_word' id='word_1_183' title='bbox 299 2286 398 2338; x_wconf 86' lang='lat' dir='ltr'><strong>unctor</strong></span> <span class='ocrx_word' id='word_1_184' title='bbox 418 2274 551 2358; x_wconf 81' lang='lat' dir='ltr'><strong>epitaphii</strong></span> <span class='ocrx_word' id='word_1_185' title='bbox 573 2296 610 2337; x_wconf 85' lang='lat' dir='ltr'><strong>ex</strong></span> <span class='ocrx_word' id='word_1_186' title='bbox 631 2272 764 2339; x_wconf 84' lang='lat' dir='ltr'><strong>Isocratis</strong></span> <span class='ocrx_word' id='word_1_187' title='bbox 784 2274 882 2337; x_wconf 85' lang='lat' dir='ltr'><strong>schola</strong></span> <span class='ocrx_word' id='word_1_188' title='bbox 902 2275 1041 2357; x_wconf 82' lang='lat' dir='ltr'><strong>prodiisse</strong></span> <span class='ocrx_word' id='word_1_189' title='bbox 1061 2275 1199 2358; x_wconf 85' lang='lat' dir='ltr'><strong>simulque</strong></span> <span class='ocrx_word' id='word_1_190' title='bbox 1221 2275 1350 2358; x_wconf 84' lang='lat' dir='ltr'><strong>phiioso-</strong></span> 
     </span>
     <span class='ocr_line' id='line_1_24' title="bbox 298 2360 1350 2445; baseline 0.003 -23"><span class='ocrx_word' id='word_1_191' title='bbox 298 2361 396 2443; x_wconf 87' lang='lat' dir='ltr'><strong>phicos</strong></span> <span class='ocrx_word' id='word_1_192' title='bbox 417 2381 509 2423; x_wconf 89' lang='lat' dir='ltr'><strong>mores</strong></span> <span class='ocrx_word' id='word_1_193' title='bbox 528 2370 669 2424; x_wconf 84' lang='lat' dir='ltr'><strong>ostentare</strong></span> <span class='ocrx_word' id='word_1_194' title='bbox 689 2361 756 2422; x_wconf 88' lang='lat' dir='ltr'><strong>mihi</strong></span> <span class='ocrx_word' id='word_1_195' title='bbox 778 2362 918 2439; x_wconf 77' lang='lat' dir='ltr'><strong>videatnr3</strong></span> <span class='ocrx_word' id='word_1_196' title='bbox 945 2361 1032 2425; x_wconf 84' lang='lat' dir='ltr'><strong>veluti</strong></span> <span class='ocrx_word' id='word_1_197' title='bbox 1052 2383 1088 2423; x_wconf 88' lang='lat' dir='ltr'><strong>ea</strong></span> <span class='ocrx_word' id='word_1_198' title='bbox 1108 2383 1181 2444; x_wconf 87' lang='lat' dir='ltr'><strong>quae</strong></span> <span class='ocrx_word' id='word_1_199' title='bbox 1203 2363 1229 2445; x_wconf 59' lang='grc' dir='ltr'><strong>ᾗ.</strong></span> <span class='ocrx_word' id='word_1_200' title='bbox 1251 2361 1282 2426; x_wconf 89' lang='grc'><strong>9.</strong></span> <span class='ocrx_word' id='word_1_201' title='bbox 1305 2360 1350 2426; x_wconf 85' lang='grc' dir='ltr'><strong>Ιο-</strong></span> 
     </span>
     <span class='ocr_line' id='line_1_25' title="bbox 297 2436 1350 2531; baseline 0.005 -24"><span class='ocrx_word' id='word_1_202' title='bbox 297 2458 411 2525; x_wconf 73' lang='lat' dir='ltr'><strong>guntur,</strong></span> <span class='ocrx_word' id='word_1_203' title='bbox 433 2439 514 2530; x_wconf 77' lang='grc' dir='ltr'><strong>ὑπὲρ</strong></span> <span class='ocrx_word' id='word_1_204' title='bbox 541 2448 603 2528; x_wconf 79' lang='grc' dir='ltr'><strong>μὲν</strong></span> <span class='ocrx_word' id='word_1_205' title='bbox 621 2443 705 2520; x_wconf 67' lang='grc' dir='ltr'><strong><em>τοῖν,</em></strong></span> <span class='ocrx_word' id='word_1_206' title='bbox 730 2436 789 2506; x_wconf 78' lang='grc' dir='ltr'><strong>ἵνα</strong></span> <span class='ocrx_word' id='word_1_207' title='bbox 810 2446 926 2527; x_wconf 78' lang='grc' dir='ltr'><strong><em>μηκέτι</em></strong></span> <span class='ocrx_word' id='word_1_208' title='bbox 945 2465 975 2511; x_wconf 79' lang='grc' dir='ltr'><strong>κ.</strong></span> <span class='ocrx_word' id='word_1_209' title='bbox 1006 2465 1036 2512; x_wconf 82' lang='grc' dir='ltr'><strong>τ.</strong></span> <span class='ocrx_word' id='word_1_210' title='bbox 1064 2444 1095 2514; x_wconf 76' lang='grc' dir='ltr'><strong>λ.</strong></span> <span class='ocrx_word' id='word_1_211' title='bbox 1124 2448 1350 2531; x_wconf 83' lang='lat' dir='ltr'><strong>philosophicam</strong></span> 
     </span>
     <span class='ocr_line' id='line_1_26' title="bbox 298 2529 1347 2617; baseline 0.004 -26"><span class='ocrx_word' id='word_1_212' title='bbox 298 2535 426 2593; x_wconf 87' lang='lat' dir='ltr'><strong>umbram</strong></span> <span class='ocrx_word' id='word_1_213' title='bbox 448 2531 587 2608; x_wconf 78' lang='lat' dir='ltr'><strong>redolent3</strong></span> <span class='ocrx_word' id='word_1_214' title='bbox 609 2540 667 2593; x_wconf 88' lang='lat' dir='ltr'><strong>tum</strong></span> <span class='ocrx_word' id='word_1_215' title='bbox 688 2532 775 2592; x_wconf 78' lang='lat' dir='ltr'><strong>verna</strong></span> <span class='ocrx_word' id='word_1_216' title='bbox 796 2529 823 2611; x_wconf 79' lang='lat'>§</span> <span class='ocrx_word' id='word_1_217' title='bbox 847 2532 910 2608; x_wconf 61' lang='lat'><strong>10„</strong></span> <span class='ocrx_word' id='word_1_218' title='bbox 932 2533 1033 2614; x_wconf 83' lang='lat' dir='ltr'><strong>quibus</strong></span> <span class='ocrx_word' id='word_1_219' title='bbox 1054 2531 1089 2595; x_wconf 76' lang='lat' dir='ltr'><strong>ui</strong></span> <span class='ocrx_word' id='word_1_220' title='bbox 1109 2532 1217 2617; x_wconf 78' lang='grc' dir='ltr'><strong><em>νεκροὶ</em></strong></span> <span class='ocrx_word' id='word_1_221' title='bbox 1238 2554 1347 2597; x_wconf 84' lang='lat' dir='ltr'><strong>uocau-</strong></span> 
     </span>
     <span class='ocr_line' id='line_1_27' title="bbox 298 2598 1347 2701; baseline 0.004 -23"><span class='ocrx_word' id='word_1_222' title='bbox 298 2627 344 2678; x_wconf 85' lang='lat' dir='ltr'><strong>tur</strong></span> <span class='ocrx_word' id='word_1_223' title='bbox 364 2598 479 2697; x_wconf 69' lang='grc' dir='ltr'><strong><em>ἇθλας</em></strong></span> <span class='ocrx_word' id='word_1_224' title='bbox 502 2613 531 2695; x_wconf 71' lang='lat' dir='ltr'><strong>§a</strong></span> <span class='ocrx_word' id='word_1_225' title='bbox 555 2611 613 2678; x_wconf 71' lang='lat'><strong>14:</strong></span> <span class='ocrx_word' id='word_1_226' title='bbox 636 2608 717 2699; x_wconf 74' lang='grc' dir='ltr'><strong>ὑπὲρ</strong></span> <span class='ocrx_word' id='word_1_227' title='bbox 738 2608 864 2684; x_wconf 71' lang='grc' dir='ltr'><strong><em>τούτων</em></strong></span> <span class='ocrx_word' id='word_1_228' title='bbox 885 2608 1084 2701; x_wconf 78' lang='grc' dir='ltr'><em>ἀμφοτέρων</em></span> <span class='ocrx_word' id='word_1_229' title='bbox 1102 2613 1347 2700; x_wconf 75' lang='grc' dir='ltr'><strong>ἀποθνήσκειν,</strong></span> 
     </span>
     <span class='ocr_line' id='line_1_28' title="bbox 298 2700 1348 2784; baseline 0.007 -22"><span class='ocrx_word' id='word_1_230' title='bbox 298 2721 375 2763; x_wconf 87' lang='lat' dir='ltr'><strong>murs</strong></span> <span class='ocrx_word' id='word_1_231' title='bbox 406 2723 458 2783; x_wconf 88' lang='lat' dir='ltr'><strong>pro</strong></span> <span class='ocrx_word' id='word_1_232' title='bbox 488 2700 617 2763; x_wconf 85' lang='lat' dir='ltr'><strong>libertate</strong></span> <span class='ocrx_word' id='word_1_233' title='bbox 644 2710 672 2763; x_wconf 88' lang='lat' dir='ltr'><strong>et</strong></span> <span class='ocrx_word' id='word_1_234' title='bbox 698 2701 818 2784; x_wconf 83' lang='lat' dir='ltr'><strong>justitia,</strong></span> <span class='ocrx_word' id='word_1_235' title='bbox 849 2706 960 2765; x_wconf 73' lang='lat' dir='ltr'><strong>donabus</strong></span> <span class='ocrx_word' id='word_1_236' title='bbox 994 2705 1153 2768; x_wconf 87' lang='lat' dir='ltr'><strong>notionibus</strong></span> <span class='ocrx_word' id='word_1_237' title='bbox 1185 2709 1348 2783; x_wconf 79' lang='lat' dir='ltr'><strong>abstractis,</strong></span> 
     </span>
    </p>
   </div>
   <div class='ocr_carea' id='block_1_5' title="bbox 177 2784 1348 2887">
    <p class='ocr_par' dir='ltr' id='par_1_5' title="bbox 177 2784 1348 2887">
     <span class='ocr_line' id='line_1_29' title="bbox 177 2784 1348 2887; baseline 0.005 -39"><span class='ocrx_word' id='word_1_238' title='bbox 177 2822 202 2857; x_wconf 52' lang='grc' dir='ltr'><strong>ι,</strong></span> <span class='ocrx_word' id='word_1_239' title='bbox 298 2787 418 2867; x_wconf 76' lang='lat' dir='ltr'><strong>vulgare</strong></span> <span class='ocrx_word' id='word_1_240' title='bbox 445 2787 545 2887; x_wconf 77' lang='lat' dir='ltr'><strong>dictum</strong></span> <span class='ocrx_word' id='word_1_241' title='bbox 579 2784 819 2886; x_wconf 62' lang='lat' dir='ltr'><strong>philosophicum</strong></span> <span class='ocrx_word' id='word_1_242' title='bbox 853 2787 881 2872; x_wconf 80' lang='lat'><strong>§.</strong></span> <span class='ocrx_word' id='word_1_243' title='bbox 911 2788 972 2853; x_wconf 81' lang='lat'><strong>15:</strong></span> <span class='ocrx_word' id='word_1_244' title='bbox 998 2785 1117 2887; x_wconf 54' lang='grc' dir='ltr'><em>ψυχὰς</em></span> <span class='ocrx_word' id='word_1_245' title='bbox 1148 2787 1348 2877; x_wconf 74' lang='grc' dir='ltr'><strong><em>ἐλευθεροῦν</em></strong></span> 
     </span>
    </p>
   </div>
   <div class='ocr_carea' id='block_1_6' title="bbox 205 2865 1348 4160">
    <p class='ocr_par' dir='ltr' id='par_1_6' title="bbox 205 2865 1348 4079">
     <span class='ocr_line' id='line_1_30' title="bbox 290 2865 1347 2959; baseline 0.008 -24"><span class='ocrx_word' id='word_1_246' title='bbox 290 2894 364 2954; x_wconf 81' lang='lat' dir='ltr'><strong>opp.</strong></span> <span class='ocrx_word' id='word_1_247' title='bbox 399 2894 447 2937; x_wconf 87' lang='lat' dir='ltr'><strong>ur.</strong></span> <span class='ocrx_word' id='word_1_248' title='bbox 476 2890 617 2954; x_wconf 80' lang='grc' dir='ltr'><strong><em>σαματα</em></strong></span> <span class='ocrx_word' id='word_1_249' title='bbox 645 2891 691 2946; x_wconf 82' lang='grc' dir='ltr'><strong>εις</strong></span> <span class='ocrx_word' id='word_1_250' title='bbox 718 2865 836 2934; x_wconf 78' lang='grc' dir='ltr'><strong><em>ἄδειαν</em></strong></span> <span class='ocrx_word' id='word_1_251' title='bbox 862 2893 1090 2959; x_wconf 61' lang='lat' dir='ltr'><strong>autumpnum</strong></span> <span class='ocrx_word' id='word_1_252' title='bbox 1126 2879 1238 2941; x_wconf 89' lang='lat' dir='ltr'><strong>omuino</strong></span> <span class='ocrx_word' id='word_1_253' title='bbox 1268 2879 1347 2943; x_wconf 80' lang='lat' dir='ltr'><strong>socie</strong></span> 
     </span>
     <span class='ocr_line' id='line_1_31' title="bbox 297 2948 1347 3044; baseline 0.01 -26"><span class='ocrx_word' id='word_1_254' title='bbox 297 2948 389 3040; x_wconf 75' lang='grc' dir='ltr'><em>ψυχή</em></span> <span class='ocrx_word' id='word_1_255' title='bbox 419 2959 628 3021; x_wconf 82' lang='lat' dir='ltr'><strong>amantissimus</strong></span> <span class='ocrx_word' id='word_1_256' title='bbox 654 2969 698 3022; x_wconf 89' lang='lat' dir='ltr'><strong>est</strong></span> <span class='ocrx_word' id='word_1_257' title='bbox 723 2961 844 3041; x_wconf 86' lang='lat' dir='ltr'><strong>scriptor</strong></span> <span class='ocrx_word' id='word_1_258' title='bbox 867 2961 1008 3044; x_wconf 84' lang='lat' dir='ltr'><strong>variisque</strong></span> <span class='ocrx_word' id='word_1_259' title='bbox 1029 2962 1283 3044; x_wconf 65' lang='lat' dir='ltr'><strong>rsignificationibus</strong></span> <span class='ocrx_word' id='word_1_260' title='bbox 1310 2985 1347 3029; x_wconf 71' lang='lat' dir='ltr'><strong>es</strong></span> 
     </span>
     <span class='ocr_line' id='line_1_32' title="bbox 298 3043 1348 3131; baseline 0.008 -27"><span class='ocrx_word' id='word_1_261' title='bbox 298 3043 395 3106; x_wconf 89' lang='lat' dir='ltr'><strong>utitur.</strong></span> <span class='ocrx_word' id='word_1_262' title='bbox 435 3043 567 3107; x_wconf 83' lang='lat' dir='ltr'><strong>Isocratis</strong></span> <span class='ocrx_word' id='word_1_263' title='bbox 588 3052 680 3108; x_wconf 90' lang='lat' dir='ltr'><strong>autem</strong></span> <span class='ocrx_word' id='word_1_264' title='bbox 701 3060 771 3108; x_wconf 78' lang='lat' dir='ltr'><strong>eum·</strong></span> <span class='ocrx_word' id='word_1_265' title='bbox 784 3045 949 3129; x_wconf 62' lang='lat' dir='ltr'><strong>discipulum</strong></span> <span class='ocrx_word' id='word_1_266' title='bbox 965 3048 1012 3109; x_wconf 88' lang='lat' dir='ltr'><strong>nel</strong></span> <span class='ocrx_word' id='word_1_267' title='bbox 1031 3049 1197 3112; x_wconf 87' lang='lat' dir='ltr'><strong>imitatorem</strong></span> <span class='ocrx_word' id='word_1_268' title='bbox 1210 3070 1274 3113; x_wconf 90' lang='lat' dir='ltr'><strong>esse</strong></span> <span class='ocrx_word' id='word_1_269' title='bbox 1292 3071 1348 3131; x_wconf 88' lang='lat' dir='ltr'><strong>ap-</strong></span> 
     </span>
     <span class='ocr_line' id='line_1_33' title="bbox 296 3132 1348 3215; baseline 0.011 -26"><span class='ocrx_word' id='word_1_270' title='bbox 296 3141 379 3210; x_wconf 86' lang='lat' dir='ltr'><strong>paret</strong></span> <span class='ocrx_word' id='word_1_271' title='bbox 404 3148 468 3191; x_wconf 86' lang='lat' dir='ltr'><strong>oum</strong></span> <span class='ocrx_word' id='word_1_272' title='bbox 496 3149 534 3193; x_wconf 88' lang='lat' dir='ltr'><strong>ex</strong></span> <span class='ocrx_word' id='word_1_273' title='bbox 560 3132 654 3193; x_wconf 86' lang='lat' dir='ltr'><strong>studio</strong></span> <span class='ocrx_word' id='word_1_274' title='bbox 679 3132 871 3210; x_wconf 60' lang='lat' dir='ltr'><strong>antithesium‘,</strong></span> <span class='ocrx_word' id='word_1_275' title='bbox 900 3153 972 3215; x_wconf 85' lang='lat' dir='ltr'><strong>quas</strong></span> <span class='ocrx_word' id='word_1_276' title='bbox 997 3135 1077 3214; x_wconf 86' lang='lat' dir='ltr'><strong>ipsas</strong></span> <span class='ocrx_word' id='word_1_277' title='bbox 1104 3135 1201 3198; x_wconf 89' lang='lat' dir='ltr'><strong>rudius</strong></span> <span class='ocrx_word' id='word_1_278' title='bbox 1220 3136 1348 3201; x_wconf 85' lang='lat' dir='ltr'><strong>adhibuit</strong></span> 
     </span>
     <span class='ocr_line' id='line_1_34' title="bbox 297 3212 1345 3300; baseline 0.005 -23"><span class='ocrx_word' id='word_1_279' title='bbox 297 3212 351 3295; x_wconf 72' lang='lat' dir='ltr'><strong>(ci.</strong></span> <span class='ocrx_word' id='word_1_280' title='bbox 378 3213 476 3291; x_wconf 69' lang='lat' dir='ltr'><strong>etiam⁴</strong></span> <span class='ocrx_word' id='word_1_281' title='bbox 491 3214 653 3297; x_wconf 81' lang='lat' dir='ltr'><strong>Bernhardy</strong></span> <span class='ocrx_word' id='word_1_282' title='bbox 680 3217 764 3298; x_wconf 83' lang='lat' dir='ltr'><strong>Syut.</strong></span> <span class='ocrx_word' id='word_1_283' title='bbox 785 3216 838 3282; x_wconf 85' lang='lat' dir='ltr'><strong>Gr.</strong></span> <span class='ocrx_word' id='word_1_284' title='bbox 860 3239 888 3299; x_wconf 88' lang='lat' dir='ltr'><strong>p.</strong></span> <span class='ocrx_word' id='word_1_285' title='bbox 914 3217 1013 3300; x_wconf 71' lang='lat' dir='ltr'><strong>alh),</strong></span> <span class='ocrx_word' id='word_1_286' title='bbox 1035 3231 1063 3282; x_wconf 87' lang='lat' dir='ltr'><strong>ct</strong></span> <span class='ocrx_word' id='word_1_287' title='bbox 1083 3241 1120 3282; x_wconf 87' lang='lat' dir='ltr'><strong>ex</strong></span> <span class='ocrx_word' id='word_1_288' title='bbox 1140 3221 1294 3284; x_wconf 88' lang='lat' dir='ltr'><strong>imitatione</strong></span> <span class='ocrx_word' id='word_1_289' title='bbox 1315 3222 1345 3282; x_wconf 87' lang='lat' dir='ltr'><strong>iu</strong></span> 
     </span>
     <span class='ocr_line' id='line_1_35' title="bbox 296 3299 1346 3389; baseline 0.007 -26"><span class='ocrx_word' id='word_1_290' title='bbox 296 3299 414 3365; x_wconf 81' lang='lat' dir='ltr'><strong>historia</strong></span> <span class='ocrx_word' id='word_1_291' title='bbox 435 3303 589 3381; x_wconf 86' lang='lat' dir='ltr'><strong>tructauda,</strong></span> <span class='ocrx_word' id='word_1_292' title='bbox 612 3301 660 3364; x_wconf 87' lang='lat' dir='ltr'><strong>uhi</strong></span> <span class='ocrx_word' id='word_1_293' title='bbox 680 3301 763 3365; x_wconf 85' lang='lat' dir='ltr'><strong>latior</strong></span> <span class='ocrx_word' id='word_1_294' title='bbox 783 3316 827 3366; x_wconf 90' lang='lat' dir='ltr'><strong>est</strong></span> <span class='ocrx_word' id='word_1_295' title='bbox 845 3303 970 3365; x_wconf 88' lang='lat' dir='ltr'><strong>Isocrate</strong></span> <span class='ocrx_word' id='word_1_296' title='bbox 992 3304 1044 3385; x_wconf 77' lang='lat' dir='ltr'><strong>(ct.</strong></span> <span class='ocrx_word' id='word_1_297' title='bbox 1066 3303 1114 3389; x_wconf 57' lang='grc' dir='ltr'><strong>ἕξ.</strong></span> <span class='ocrx_word' id='word_1_298' title='bbox 1136 3306 1168 3384; x_wconf 81' lang='grc'><strong>5,</strong></span> <span class='ocrx_word' id='word_1_299' title='bbox 1190 3308 1243 3385; x_wconf 86' lang='grc'><strong>31,</strong></span> <span class='ocrx_word' id='word_1_300' title='bbox 1265 3305 1346 3387; x_wconf 83' lang='grc'><strong>38.),</strong></span> 
     </span>
     <span class='ocr_line' id='line_1_36' title="bbox 205 3387 1347 3471; baseline 0.009 -24"><span class='ocrx_word' id='word_1_301' title='bbox 205 3410 208 3415; x_wconf 94' lang='grc'><em>·</em></span> <span class='ocrx_word' id='word_1_302' title='bbox 295 3394 354 3449; x_wconf 76' lang='lat' dir='ltr'><strong>mm</strong></span> <span class='ocrx_word' id='word_1_303' title='bbox 381 3406 418 3448; x_wconf 87' lang='lat' dir='ltr'><strong>ex</strong></span> <span class='ocrx_word' id='word_1_304' title='bbox 446 3387 590 3450; x_wconf 87' lang='lat' dir='ltr'><strong>uouunllie</strong></span> <span class='ocrx_word' id='word_1_305' title='bbox 619 3387 698 3468; x_wconf 88' lang='lat' dir='ltr'><strong>locis,</strong></span> <span class='ocrx_word' id='word_1_306' title='bbox 728 3390 829 3471; x_wconf 81' lang='lat' dir='ltr'><strong>quihus</strong></span> <span class='ocrx_word' id='word_1_307' title='bbox 858 3389 1045 3469; x_wconf 84' lang='lat' dir='ltr'><strong>eloquentiam</strong></span> <span class='ocrx_word' id='word_1_308' title='bbox 1072 3392 1155 3454; x_wconf 82' lang='lat' dir='ltr'><strong>simili</strong></span> <span class='ocrx_word' id='word_1_309' title='bbox 1182 3392 1242 3455; x_wconf 85' lang='lat' dir='ltr'><strong>fere</strong></span> <span class='ocrx_word' id='word_1_310' title='bbox 1262 3394 1347 3457; x_wconf 89' lang='lat' dir='ltr'><strong>modo</strong></span> 
     </span>
     <span class='ocr_line' id='line_1_37' title="bbox 315 3470 1345 3560; baseline 0.007 -26"><span class='ocrx_word' id='word_1_311' title='bbox 315 3492 351 3534; x_wconf 90' lang='grc' dir='ltr'><strong>ιιο</strong></span> <span class='ocrx_word' id='word_1_312' title='bbox 383 3472 523 3536; x_wconf 86' lang='lat' dir='ltr'><strong>leocrates</strong></span> <span class='ocrx_word' id='word_1_313' title='bbox 551 3472 665 3552; x_wconf 65' lang='lat' dir='ltr'><strong>laudat,⁴</strong></span> <span class='ocrx_word' id='word_1_314' title='bbox 686 3474 723 3537; x_wconf 83' lang='lat' dir='ltr'><strong>ci.</strong></span> <span class='ocrx_word' id='word_1_315' title='bbox 756 3473 784 3556; x_wconf 57' lang='grc' dir='ltr'><strong>ᾧ.</strong></span> <span class='ocrx_word' id='word_1_316' title='bbox 813 3472 865 3537; x_wconf 86' lang='grc'><strong>19.</strong></span> <span class='ocrx_word' id='word_1_317' title='bbox 894 3474 955 3537; x_wconf 85' lang='lat' dir='ltr'><strong>fin..</strong></span> <span class='ocrx_word' id='word_1_318' title='bbox 985 3477 1033 3538; x_wconf 90' lang='lat' dir='ltr'><strong>ubi</strong></span> <span class='ocrx_word' id='word_1_319' title='bbox 1064 3470 1166 3557; x_wconf 80' lang='grc' dir='ltr'><strong><em>λόγον</em></strong></span> <span class='ocrx_word' id='word_1_320' title='bbox 1185 3481 1345 3560; x_wconf 79' lang='lat' dir='ltr'><strong>praedicat3</strong></span> 
     </span>
     <span class='ocr_line' id='line_1_38' title="bbox 296 3493 1346 3645; baseline 0.01 -24"><span class='ocrx_word' id='word_1_321' title='bbox 296 3493 323 3639; x_wconf 63' lang='grc' dir='ltr'><strong>ξ.</strong></span> <span class='ocrx_word' id='word_1_322' title='bbox 345 3552 397 3623; x_wconf 81' lang='lat'><strong>42.</strong></span> <span class='ocrx_word' id='word_1_323' title='bbox 420 3552 625 3622; x_wconf 72' lang='grc' dir='ltr'><strong><em>ἱκανώτατον</em></strong></span> <span class='ocrx_word' id='word_1_324' title='bbox 643 3548 761 3639; x_wconf 62' lang='lat' dir='ltr'><strong>elusim</strong></span> <span class='ocrx_word' id='word_1_325' title='bbox 784 3559 812 3645; x_wconf 63' lang='grc' dir='ltr'><strong>ς.</strong></span> <span class='ocrx_word' id='word_1_326' title='bbox 833 3559 893 3624; x_wconf 74' lang='lat'><strong>53:</strong></span> <span class='ocrx_word' id='word_1_327' title='bbox 914 3551 1016 3623; x_wconf 79' lang='grc' dir='ltr'><strong><em>πάλιν</em></strong></span> <span class='ocrx_word' id='word_1_328' title='bbox 1034 3557 1258 3632; x_wconf 70' lang='grc' dir='ltr'><strong>ἐπαιδεύοντο.</strong></span> <span class='ocrx_word' id='word_1_329' title='bbox 1289 3566 1346 3632; x_wconf 78' lang='lat' dir='ltr'><strong>fla</strong></span> 
     </span>
     <span class='ocr_line' id='line_1_39' title="bbox 294 3644 1345 3795; baseline 0.01 -92"><span class='ocrx_word' id='word_1_330' title='bbox 294 3646 468 3790; x_wconf 69' lang='lat' dir='ltr'><strong>prppnpentis</strong></span> <span class='ocrx_word' id='word_1_331' title='bbox 489 3646 517 3744; x_wconf 82' lang='lat' dir='ltr'><strong>id</strong></span> <span class='ocrx_word' id='word_1_332' title='bbox 538 3646 794 3795; x_wconf 38' lang='lat' dir='ltr'><strong>&amp;mamaeam</strong></span> <span class='ocrx_word' id='word_1_333' title='bbox 807 3644 878 3790; x_wconf 64' lang='lat' dir='ltr'><strong>[ipah</strong></span> <span class='ocrx_word' id='word_1_334' title='bbox 900 3649 973 3746; x_wconf 82' lang='lat' dir='ltr'><strong>qupd</strong></span> <span class='ocrx_word' id='word_1_335' title='bbox 995 3650 1069 3730; x_wconf 86' lang='lat' dir='ltr'><strong>apud</strong></span> <span class='ocrx_word' id='word_1_336' title='bbox 1081 3650 1260 3751; x_wconf 61' lang='lat' dir='ltr'><strong>aristotelem</strong></span> <span class='ocrx_word' id='word_1_337' title='bbox 1282 3651 1345 3756; x_wconf 73' lang='lat' dir='ltr'><strong>lopo</strong></span> 
     </span>
     <span class='ocr_line' id='line_1_40' title="bbox 306 3748 1345 3801; baseline 0.01 -12"><span class='ocrx_word' id='word_1_338' title='bbox 306 3748 341 3789; x_wconf 90' lang='lat' dir='ltr'><strong>an</strong></span> <span class='ocrx_word' id='word_1_339' title='bbox 363 3749 410 3789; x_wconf 87' lang='lat' dir='ltr'><strong>ao</strong></span> <span class='ocrx_word' id='word_1_340' title='bbox 446 3750 605 3793; x_wconf 80' lang='lat' dir='ltr'><strong>roxnnueau</strong></span> <span class='ocrx_word' id='word_1_341' title='bbox 683 3749 799 3793; x_wconf 75' lang='grc' dir='ltr'><strong>ιεκαι</strong></span> <span class='ocrx_word' id='word_1_342' title='bbox 844 3749 904 3792; x_wconf 78' lang='lat' dir='ltr'><strong>uua</strong></span> <span class='ocrx_word' id='word_1_343' title='bbox 926 3751 966 3792; x_wconf 85' lang='grc' dir='ltr'><strong>ατ</strong></span> <span class='ocrx_word' id='word_1_344' title='bbox 1027 3753 1090 3801; x_wconf 84' lang='grc' dir='ltr'><strong>πο</strong></span> <span class='ocrx_word' id='word_1_345' title='bbox 1123 3755 1184 3798; x_wconf 84' lang='grc' dir='ltr'><strong>τον</strong></span> <span class='ocrx_word' id='word_1_346' title='bbox 1208 3753 1291 3800; x_wconf 74' lang='lat' dir='ltr'><strong>uuus</strong></span> <span class='ocrx_word' id='word_1_347' title='bbox 1327 3772 1345 3787; x_wconf 89' lang='lat'><strong>·</strong></span> 
     </span>
     <span class='ocr_line' id='line_1_41' title="bbox 290 3751 1346 3903; baseline 0.014 -29"><span class='ocrx_word' id='word_1_348' title='bbox 290 3830 414 3895; x_wconf 63' lang='lat' dir='ltr'><strong>poetae</strong></span> <span class='ocrx_word' id='word_1_349' title='bbox 425 3751 465 3875; x_wconf 63' lang='lat' dir='ltr'><strong>¹titt</strong></span> <span class='ocrx_word' id='word_1_350' title='bbox 478 3816 551 3890; x_wconf 79' lang='grc' dir='ltr'><strong>ταῖς</strong></span> <span class='ocrx_word' id='word_1_351' title='bbox 560 3809 792 3903; x_wconf 67' lang='grc' dir='ltr'><strong>πανηγύρεσιν.</strong></span> <span class='ocrx_word' id='word_1_352' title='bbox 816 3816 889 3894; x_wconf 79' lang='lat' dir='ltr'><strong>Quis</strong></span> <span class='ocrx_word' id='word_1_353' title='bbox 903 3751 1122 3902; x_wconf 50' lang='lat' dir='ltr'><strong>perouppsspppii</strong></span> <span class='ocrx_word' id='word_1_354' title='bbox 1137 3758 1224 3886; x_wconf 52' lang='lat' dir='ltr'><strong>cusiri</strong></span> <span class='ocrx_word' id='word_1_355' title='bbox 1245 3758 1346 3889; x_wconf 51' lang='grc' dir='ltr'><strong>οιιοῖεαι</strong></span> 
     </span>
     <span class='ocr_line' id='line_1_42' title="bbox 294 3901 1346 3990; baseline 0.014 -31"><span class='ocrx_word' id='word_1_356' title='bbox 294 3901 342 3974; x_wconf 84' lang='lat' dir='ltr'><strong>sit,</strong></span> <span class='ocrx_word' id='word_1_357' title='bbox 362 3901 434 3963; x_wconf 89' lang='lat' dir='ltr'><strong>hane</strong></span> <span class='ocrx_word' id='word_1_358' title='bbox 454 3902 644 3982; x_wconf 84' lang='lat' dir='ltr'><strong>quaeetioacm</strong></span> <span class='ocrx_word' id='word_1_359' title='bbox 671 3904 698 3964; x_wconf 88' lang='lat' dir='ltr'><strong>in</strong></span> <span class='ocrx_word' id='word_1_360' title='bbox 726 3902 810 3966; x_wconf 88' lang='lat' dir='ltr'><strong>dubio</strong></span> <span class='ocrx_word' id='word_1_361' title='bbox 837 3903 998 3987; x_wconf 79' lang='lat' dir='ltr'><strong>relinquam.</strong></span> <span class='ocrx_word' id='word_1_362' title='bbox 1047 3909 1184 3990; x_wconf 80' lang='lat' dir='ltr'><strong>Antiquos</strong></span> <span class='ocrx_word' id='word_1_363' title='bbox 1211 3919 1285 3971; x_wconf 87' lang='lat' dir='ltr'><strong>certe</strong></span> <span class='ocrx_word' id='word_1_364' title='bbox 1301 3920 1346 3974; x_wconf 77' lang='lat' dir='ltr'><strong>eet</strong></span> 
     </span>
     <span class='ocr_line' id='line_1_43' title="bbox 294 3984 1347 4079; baseline 0.009 -30"><span class='ocrx_word' id='word_1_365' title='bbox 294 3984 452 4066; x_wconf 75' lang='lat' dir='ltr'><strong>epitaphiue</strong></span> <span class='ocrx_word' id='word_1_366' title='bbox 480 3998 508 4051; x_wconf 86' lang='lat' dir='ltr'><strong>et</strong></span> <span class='ocrx_word' id='word_1_367' title='bbox 537 3989 661 4070; x_wconf 83' lang='lat' dir='ltr'><strong>antiquo,</strong></span> <span class='ocrx_word' id='word_1_368' title='bbox 689 3999 719 4050; x_wconf 90' lang='lat' dir='ltr'><strong>ut</strong></span> <span class='ocrx_word' id='word_1_369' title='bbox 753 3989 873 4069; x_wconf 81' lang='lat' dir='ltr'><strong>videtur,</strong></span> <span class='ocrx_word' id='word_1_370' title='bbox 908 3999 1032 4072; x_wconf 86' lang='lat' dir='ltr'><strong>temporo</strong></span> <span class='ocrx_word' id='word_1_371' title='bbox 1059 3992 1166 4075; x_wconf 80' lang='lat' dir='ltr'><strong>Lysiae</strong></span> <span class='ocrx_word' id='word_1_372' title='bbox 1191 3997 1347 4079; x_wconf 64' lang='lat' dir='ltr'><strong>&#39;mhditusg</strong></span> 
     </span>
    </p>

    <p class='ocr_par' dir='ltr' id='par_1_7' title="bbox 294 4068 1326 4160">
     <span class='ocr_line' id='line_1_44' title="bbox 294 4068 1326 4160; baseline 0.015 -31"><span class='ocrx_word' id='word_1_373' title='bbox 294 4068 485 4137; x_wconf 70' lang='lat' dir='ltr'><strong>amandiano</strong></span> <span class='ocrx_word' id='word_1_374' title='bbox 501 4073 561 4158; x_wconf 77' lang='lat' dir='ltr'><strong>jau</strong></span> <span class='ocrx_word' id='word_1_375' title='bbox 581 4081 673 4140; x_wconf 81' lang='lat' dir='ltr'><strong>aetate</strong></span> <span class='ocrx_word' id='word_1_376' title='bbox 691 4073 799 4157; x_wconf 70' lang='lat' dir='ltr'><strong>Lysiae</strong></span> <span class='ocrx_word' id='word_1_377' title='bbox 814 4075 989 4157; x_wconf 84' lang='lat' dir='ltr'><strong>adjudicatus</strong></span> <span class='ocrx_word' id='word_1_378' title='bbox 1009 4076 1102 4160; x_wconf 79' lang='lat' dir='ltr'><strong>tuerit,</strong></span> <span class='ocrx_word' id='word_1_379' title='bbox 1124 4080 1259 4144; x_wconf 82' lang='lat' dir='ltr'><strong>incertum</strong></span> <span class='ocrx_word' id='word_1_380' title='bbox 1282 4093 1326 4147; x_wconf 84' lang='lat' dir='ltr'><strong>est</strong></span> 
     </span>
    </p>
   </div>
   <div class='ocr_carea' id='block_1_7' title="bbox 0 0 1450 4684">
    <p class='ocr_par' dir='ltr' id='par_1_8' title="bbox 0 0 1450 4684">
     <span class='ocr_line' id='line_1_45' title="bbox 0 0 1450 4684; baseline 0 0"><span class='ocrx_word' id='word_1_381' title='bbox 0 0 1450 4684; x_wconf 95' lang='lat' dir='ltr'><strong> </strong></span> 
     </span>
    </p>
   </div>
  </div>
 </body>
</html>
