2892 4684
1088 263 1141 336 99

99 459 196 532 pterea
215 449 288 531 qood
309 449 405 510 decom
424 462 521 510 marm
540 443 692 524 Euagorae
707 442 814 507 anxilio
839 445 944 510 missae
971 466 990 511 a
1009 445 1140 512 setoso

99 533 326 598 Lacedaemonio
351 540 449 608 captae
474 531 530 593 sint
557 528 649 611 (Xeu.
678 529 719 595 H.
739 528 793 609 lv,
813 526 845 631 83
864 528 936 613 24.)
957 531 1142 630 ott.1.prq
1225 549 1231 600 t
1317 573 1319 576 .

104 614 302 704 Φιλοκράτει
319 614 366 704 τῷ
383 607 568 701 Ἐφιάλτου
588 616 737 697 legendnm
755 635 820 678 esso
847 610 1076 704 Αριστοφάνει
1094 637 1143 704 τῳ
1225 611 1239 686 ἓ,

101 701 304 790 Νικοφήμου
330 704 457 766 Meierus
484 699 619 784 conjeoit;
645 701 874 784 quodnequidem
910 726 965 765 oon
991 706 1142 767 concedam

101 792 155 876 (ci.
188 798 216 871 §.
237 788 317 871 24.)
357 787 529 870 Deprehensi
557 786 642 866 igitur
669 785 710 847 iiii
740 794 769 849 et
794 788 931 851 interfecti
951 800 1027 868 sunt,
1048 811 1143 852 eoruru

103 883 180 940 hona
206 876 359 956 publicata.
407 875 471 951 Quo
490 884 582 934 autem
608 872 751 953 temporei
782 872 830 936 01.
857 871 910 951 97,
938 870 971 939 A.
997 874 1145 953 Antipatro
1180 931 1185 935 .

104 964 247 1039 archonte,
259 958 562 1040 respondentlileierns
573 955 606 1041 (i.
627 955 651 1023 1.
673 979 702 1037 p.
714 955 803 1040 193.)
824 967 853 1021 et
863 958 957 1022 Cliuto
974 956 1018 1040 (p.
1034 954 1144 1040 1109).

103 1048 272 1109 Dicitinrum
300 1044 374 1106 enim
401 1042 598 1123 Aristophanis
626 1040 763 1122 originem
790 1063 826 1104 ex
855 1065 952 1125 pugna
985 1045 1080 1107 nusaii
1107 1048 1146 1107 ad

106 1131 228 1195 Cnidum
248 1121 431 1212 (ναυμαχία
452 1121 500 1189 ἐπ’
514 1118 689 1207 Εὐβούλου
708 1118 865 1210 ἄρχοντος
879 1130 928 1193 01.
948 1128 1001 1210 96,
1010 1131 1041 1194 3.
1055 1152 1146 1195 mens.

104 1217 160 1281 lot.
189 1238 218 1280 s.
246 1218 323 1296 Aug.
352 1210 440 1289 394.)
459 1214 655 1275 deducendam
677 1233 742 1274 esse
762 1223 856 1276 orator
876 1215 941 1277 dicit
962 1216 990 1299 §.
1013 1214 1073 1291 283
1094 1237 1147 1299 per

106 1310 239 1390 quattuor
258 1310 351 1363 autern
372 1299 419 1362 rel
447 1299 565 1379 quinque
593 1317 684 1358 annos
710 1295 776 1379 pins
804 1300 960 1362 dinitiarum
986 1321 1071 1381 posse
1096 1321 1149 1364 ac·

107 1387 191 1471 quiri,
218 1406 302 1468 qnam
326 1385 355 1444 in
372 1383 471 1483 ‘indice
491 1381 694 1480 publicatorum
721 1385 857 1447 honorum
876 1385 1017 1447 insontem
1037 1386 1075 1448 sit
1096 1406 1150 1449 ne·

108 1470 621 1636 diditdtditiidtdt
645 1465 1076 1621 ii.n⁹.i⁴·..25‘¹ii.dtd?
1092 1493 1151 1633 ii]

108 1643 238 1712 Boeoidn.
260 1640 297 1705 0.
317 1662 344 1705 ο.
363 1640 387 1718 l,
407 1635 508 1718 426.)‚
529 1658 611 1701 socer
630 1639 827 1721 Aristophanis
847 1642 876 1702 in
897 1642 1082 1722 suspicionem
1104 1654 1152 1704 ta·

109 1728 245 1792 lentorum
268 1737 397 1808 quattuor
417 1725 466 1808 (§.
487 1718 562 1806 34.)
591 1724 789 1789 subiectorum
820 1727 893 1788 uenit
924 1729 1039 1809 ejusque
1066 1728 1151 1790 ctiam

108 1817 185 1877 hono
213 1813 241 1874 in
266 1812 388 1874 indicem
417 1808 645 1893 publicandornm
673 1810 763 1871 relatu
789 1823 855 1872 sunt
889 1803 1084 1895 (ἀπογραφή
1112 1812 1151 1881 ci.

109 1900 210 1963 Meier.
234 1899 261 1962 d.
284 1900 311 1961 b.
333 1899 362 1960 d.
383 1918 413 1977 p.
434 1895 498 1958 201
513 1915 576 1977 sqq.
597 1894 681 1960 Proc
700 1892 776 1959 254.
796 1895 861 1960 257
874 1918 919 1981 sq.
941 1898 1045 1979 197).
1077 1900 1151 1976 Quis

111 1977 313 2067 ,ἀπογραφὴν
339 1982 375 2045 sit
401 1989 529 2059 conatus,
556 1980 696 2043 nescimus
723 1979 768 2062 (ᾗ.
792 1979 825 2047 2.
863 1983 900 2047 cf.
935 1983 1039 2048 Meier.
1066 1984 1152 2048 Proc.

111 2094 144 2154 p.
169 2068 280 2148 258.);
307 2068 409 2131 salsam
431 2084 580 2130 ueroeam
602 2085 666 2127 esse
684 2065 882 2147 Aristophanis
902 2088 983 2130 socer
1002 2070 1153 2134 contendit.

112 2157 178 2221 Lite
210 2154 336 2217 instituta
370 2152 414 2213 iiii
453 2151 499 2233 qui
520 2142 775 2235 ἀπογεγράφασι
813 2164 993 2214 accusatores
1028 2154 1152 2217 existunt

112 2242 159 2325 (§.
179 2240 211 2321 2,
232 2242 264 2303 3.
286 2240 324 2306 ο1.
344 2236 444 2299 Meisr.
463 2238 547 2301 Proe.
566 2257 596 2316 p.
617 2234 717 2317 259).
760 2235 816 2298 Pro
837 2247 917 2320 patro
936 2258 983 2299 reo
999 2237 1073 2300 filius
1086 2260 1154 2302 ora·

112 2329 214 2390 tionem
234 2327 306 2389 hunc
325 2323 478 2404 Lysiaoam
498 2322 605 2399 hahuit,
625 2333 710 2404 atque
729 2320 838 2403 quidem
849 2343 886 2385 ex
903 2325 1155 2404 computationibus

113 2412 223 2493 Mnicri,
253 2409 398 2489 Ciiotonis
427 2408 474 2470 cni
500 2416 591 2469 manen
617 2406 703 2468 duhia
723 2416 777 2487 est,
802 2408 920 2470 Franzii
941 2408 1006 2489 (ed.
1028 2410 1106 2493 Lys.
1121 2433 1153 2493 p.

113 2499 216 2579 252),
242 2494 460 2569 Westermanni,
488 2492 630 2572 Kruegeri
654 2491 742 2572 (hist.
770 2493 839 2575 puit.
864 2492 989 2558 Studien.
1014 2517 1044 2577 p.
1066 2494 1154 2578 263.)

115 2585 164 2650 Oi.
186 2582 239 2658 98,
262 2583 292 2646 l.
312 2580 451 2662 Equidem
470 2599 538 2643 rsro
558 2577 729 2642 Schneidero
748 2579 800 2657 (ad
819 2578 893 2643 Xen.
913 2579 954 2643 Η.
975 2578 1012 2658 V,
1033 2581 1064 2659 1,
1084 2580 1158 2664 25.)

117 2671 311 2744 concesserim,
330 2667 493 2743 Diotimunn,
515 2685 596 2746 quem
624 2677 718 2727 noster
745 2665 885 2746 exhibeat,
906 2668 1020 2749 ejusque
1038 2667 1156 2749 expedi.

117 2757 219 2820 tionem
245 2754 360 2816 eandem
386 2771 555 2832 essequam
575 2749 733 2832 Xenophon
758 2749 809 2831 (V.
832 2752 862 2827 1,
886 2750 917 2816 7.
939 2751 1009 2832 35.)
1031 2762 1154 2819 enarret.

115 2840 258 2908 Diotimtrs
279 2840 326 2902 01.
347 2836 400 2916 98,
420 2838 454 2902 l.
475 2857 539 2898 enm
559 2832 698 2919 Iphicrate
716 2834 899 2898 Nicoiochum
919 2836 1011 2919 Abydi
1031 2840 1158 2920 obsedit3

82 2972 97 2981 ·-
115 2948 189 3012 quos
220 2923 384 2988 Antalcidas
415 2942 500 3004 quom
532 2921 756 3002 deprehendisset
788 2921 905 3002 aggredi
933 2921 1045 2997 statuit3
1085 2944 1157 3006 qoo-

116 3014 200 3076 modo
221 3015 274 3073 hoo
294 3012 332 3073 sit
351 3015 457 3082 namus,
478 3007 583 3070 videsis
603 3006 731 3070 diversas
743 3008 914 3072 narrationes
934 3028 982 3090 ap.
991 3008 1157 3076 Schneider.

117 3102 155 3164 ad
176 3098 251 3162 Xon.
271 3096 311 3158 H.
331 3092 368 3172 v,
389 3094 420 3172 l,
440 3091 495 3156 27.
516 3095 670 3174 Antequam
693 3112 755 3154 curu
775 3094 894 3157 naribus
914 3096 1049 3172 rediisset,
1071 3118 1158 3177 pecn-

117 3185 193 3248 latus
220 3188 368 3245 accusatos
394 3184 451 3255 est,
479 3188 538 3240 tum
567 3198 695 3241 reserem
715 3197 748 3241 so
769 3178 888 3241 defendit
906 3188 933 3241 ct
952 3179 1096 3243 absolutus
1116 3191 1159 3244 est

118 3268 164 3353 (ᾗ.
192 3267 245 3331 50.
268 3264 357 3347 51),
382 3264 412 3325 id
433 3266 506 3345 quod
533 3264 687 3346 nuperrimo
705 3257 870 3347 (ἔναγχος)
896 3265 1032 3327 accidisse
1064 3277 1159 3328 orator

118 3354 194 3420 dicit.
235 3350 344 3431 Quodsi
362 3349 502 3412 Dictimns
523 3350 571 3414 01.
582 3347 634 3427 98,
656 3350 688 3412 l.
710 3361 860 3413 accusatus
880 3359 932 3428 est,
954 3350 1043 3411 oratio
1064 3360 1161 3415 nostre

120 3441 169 3503 01.
196 3437 250 3517 98,
281 3438 313 3501 2.
341 3434 446 3514 scripta
471 3455 536 3499 csso
565 3435 672 3498 ridetur
698 3434 751 3513 (ci.
785 3434 871 3499 Ciiot.
895 3456 926 3516 p.
954 3433 1027 3498 108.
1056 3434 1159 3520 lota).

117 3525 196 3592 Huic
223 3536 316 3587 autem
342 3521 443 3584 rationi
469 3541 524 3582 uon
549 3521 663 3584 ohstnru
688 3540 762 3602 qnae
788 3531 882 3582 orator
909 3522 944 3581 de
968 3520 1162 3603 Aristophanis

119 3612 295 3680 motione
322 3606 453 3690 exponit3
482 3626 546 3670 nam
566 3605 675 3669 etiamsi
696 3604 744 3668 01.
764 3602 817 3685 97,
843 3603 876 3671 4.
899 3607 1087 3687 deprehensns
1107 3621 1161 3689 est,

120 3708 213 3762 arnon
239 3696 343 3758 iactum
369 3712 434 3755 esse
453 3700 555 3774 potest,
579 3704 609 3754 nt
630 3712 681 3773 per
708 3712 810 3752 annum
830 3692 859 3753 io
881 3690 999 3754 eiocoiis
1021 3694 1164 3775 haereret3

121 3785 195 3865 qnod
223 3784 333 3865 quidem
360 3787 454 3841 orator
475 3798 531 3841 noe
551 3789 675 3857 enmrat,
697 3779 747 3839 sed
768 3775 942 3840 wamitates
961 3798 1032 3861 quas
1052 3777 1165 3842 Ariste-

120 3871 231 3951 phenes
257 3868 374 3950 cjosqno
399 3863 550 3928 omnent
570 3861 697 3945 perpessi
723 3877 789 3926 sunt
807 3863 882 3926 aliae
902 3865 1024 3946 majores
1044 3862 1165 3943 suomet,

122 3975 208 4036 qnam
237 3963 268 4015 nt
295 3949 414 4014 leviores
438 3948 493 4013 sihi
513 3948 716 4012 eonnerandas
741 3958 853 4030 putaret
878 3959 966 4014 actor.
1007 3948 1065 4011 Pro
1086 3960 1166 4033 pain

122 4040 199 4105 hiim
225 4037 256 4101 io
281 4036 470 4101 neaman
496 4034 619 4117 jndicio,
645 4031 693 4101 eui
726 4027 873 4099 σύνδικοι
898 4034 1079 4118 praefuerunt
1105 4036 1164 4113 (ei.
1249 4086 1253 4096 .
