2892 4684
1107 260 1159 338 91,

113 423 169 500 ooo
191 438 332 501 destitisse
355 455 446 519 oeqrne
467 444 530 519 post
551 436 666 496 redituro
687 438 742 497 enh
769 434 855 499 XXX
875 438 943 501 uiris
963 458 1076 502 mouere
1096 462 1161 505 ease

113 525 236 585 iunctam
265 534 377 585 enarrat
397 526 460 599 (-
483 521 511 604 §
534 519 596 598 9.);
625 524 743 581 arradens
772 532 830 584 tum
866 524 989 600 Niceruti
1012 527 1103 589 lihnm
1133 541 1162 590 et

83 649 87 664 .
114 609 244 671 Eumatis
265 612 364 671 ambos
384 607 457 669 lilios
479 609 513 684 (ἰ.
536 627 559 672 ο.
583 613 703 666 actorem
719 607 835 688 ejusque
854 609 983 688 fratrem)
1003 612 1164 676 Pausaniae

115 696 402 757 Lacedaemoniorum
432 692 491 772 regi
518 692 685 771 produxisse
711 693 828 774 ejusque
857 697 1071 760 misericordiam
1093 720 1164 777 erga

114 780 192 842 eines
227 792 255 841 et
282 782 374 841 odium
402 779 432 839 iu
462 789 592 858 tyrannos
614 777 743 856 agitasse
764 785 821 855 (-
843 779 870 862 §
893 782 972 862 12.).
1014 785 1162 846 Postremo

114 876 209 927 orator
234 865 411 927 Poliarnhnia
444 864 587 937 rogatione
615 884 668 923 sna
700 862 767 923 nihil
801 865 856 927 uisi
882 866 986 930 famam
1021 874 1162 951 quandam

114 960 229 1031 captare
251 973 290 1014 ex
311 952 372 1031 ejus
393 950 494 1028 agendi
510 949 601 1029 priore
614 948 720 1009 ratione
734 944 854 1029 probare
864 958 956 1015 studet
977 959 1032 1026 i-
1051 955 1080 1037 ᾗ
1095 954 1163 1033 14.)

109 1037 275 1119 judicesque
296 1039 458 1096 adhortatur
480 1055 514 1094 ne
542 1045 626 1116 pacta
654 1054 726 1115 qrrae
748 1055 810 1095 earm
830 1037 1061 1102 Lacedaemoniis
1083 1064 1164 1103 oom-

86 1152 92 1162 ·
114 1121 259 1203 posuerint
279 1121 368 1204 pluris
390 1142 473 1201 qnam
501 1141 573 1201 quae
600 1120 673 1180 iuter
693 1139 726 1181 sc
749 1123 825 1200 ipsos
846 1125 901 1185 siut
921 1126 995 1205 pacti
1016 1129 1163 1191 aestiment

114 1206 160 1289 (§.
187 1206 265 1286 lh).
315 1208 410 1268 Etiam
437 1205 605 1285 reipublicae
632 1203 697 1266 nihil
720 1206 895 1270 emolumenti
924 1233 987 1273 esse
1016 1234 1052 1275 ex
1082 1216 1163 1277 horris
1233 1242 1238 1247 ⁸

113 1292 270 1373 publicatis,
306 1290 400 1372 utpote
448 1311 519 1370 qrrac
565 1288 612 1370 qui
647 1290 816 1369 reipublicae
852 1301 998 1374 augendae
1038 1304 1161 1380 speciem

40 1411 45 1424 .
113 1398 183 1458 prae
210 1398 242 1439 se
268 1375 359 1438 learnt
384 1378 455 1436 inter
482 1397 515 1434 se
541 1376 663 1436 dividant
691 1376 741 1451 (cs.
771 1375 896 1444 Boeclrh.
928 1382 964 1444 0.
993 1404 1018 1446 ο.
1039 1385 1063 1460 Ι,
1084 1384 1160 1453 426.

115 1463 219 1524 Meinr.
251 1465 279 1528 d.
313 1468 341 1528 h,
373 1465 402 1523 d.
433 1482 463 1541 p.
496 1459 595 1533 211.).
645 1460 709 1522 Hoc
747 1481 813 1523 nero
844 1465 906 1546 ipsu
943 1480 1067 1548 tempore
1093 1473 1162 1536 nihil

114 1550 275 1627 exoptatius
297 1567 464 1628 essequam
486 1545 659 1606 concordium
685 1545 757 1607 inter
778 1549 854 1610 cives
874 1556 928 1629 (-
952 1552 979 1635 ξ.
1002 1554 1083 1635 19),
1126 1558 1162 1621 In

112 1635 227 1713 epilogo
246 1644 343 1695 orator
364 1641 486 1706 enarrat,
518 1641 649 1711 quantam
681 1634 824 1695 utilitatem
846 1637 908 1717 ipse
928 1644 1027 1721 suique
1047 1645 1161 1723 cognafi

115 1719 220 1779 ciuitati
243 1720 297 1780 sint
318 1718 440 1791 allaturi,
462 1726 488 1778 et
513 1716 655 1797 jndicibus
673 1718 811 1799 supplicat
839 1734 867 1782 nt
889 1737 1003 1804 propter
1025 1732 1159 1807 majorum

117 1815 190 1864 certo
212 1804 325 1866 uirtutes
346 1804 400 1865 sihi
422 1804 542 1864 lavenna.
564 1834 607 1848 -
627 1801 721 1865 Causa
743 1805 828 1884 igitur
846 1829 920 1890 qnae
941 1810 986 1871 hic
1004 1807 1099 1893 agitur
1117 1830 1162 1881 est

116 1890 257 1951 accusatio
283 1889 423 1951 Poliarrhi
449 1879 662 1971 παρανόμων.
709 1890 754 1949 De
774 1892 909 1971 ejusmodi
935 1898 1044 1977 quidem
1066 1907 1161 1968 nausia

115 1977 264 2037 archontes
289 1976 394 2058 jndicio
433 1994 563 2055 praeesse
600 1973 705 2048 soleot3
739 1976 767 2037 iu
796 1992 893 2040 nostra
919 2002 986 2044 vern
1013 1977 1163 2053 σύνδικοι

117 2059 161 2141 (5.
189 2060 267 2138 26.),
297 2064 477 2140 magistratus
504 2059 733 2137 extraordinarii,
771 2063 807 2121 de
834 2067 934 2143 quihus
959 2068 1019 2146 jam
1049 2076 1162 2155 saepius

116 2146 186 2224 dixi,
208 2146 362 2227 praefuere.
404 2145 480 2208 llere
497 2144 570 2205 enim
591 2143 725 2205 dissimile
747 2166 819 2225 esse,
842 2145 1016 2227 συνδίκους
1035 2159 1162 2238 publicos

114 2229 232 2314 intelligi
263 2233 310 2314 qni
339 2231 477 2292 Poliarehi
511 2228 602 2308 legem
629 2231 769 2310 adjuvent,
802 2244 876 2295 recte
905 2241 1011 2301 monuit
1036 2244 1161 2311 Meierus

113 2316 217 2393 (Pron.
249 2340 278 2397 p.
302 2317 403 2389 111.).
427 2315 610 2386 xOrationem
636 2334 700 2376 esse
720 2316 844 2379 habitam
871 2319 916 2386 0t.
941 2322 993 2402 95,
1015 2321 1047 2392 4.
1069 2335 1162 2414 suspi-

115 2420 214 2464 cantur
240 2404 406 2483 Kanegerus
432 2404 484 2478 (ad
512 2398 596 2463 Clint.
618 2417 646 2480 p.
676 2400 773 2479 101.),
800 2404 939 2469 Franzins
961 2413 1018 2487 (ed.
1040 2416 1111 2497 Lys.
1130 2441 1160 2499 p.

115 2487 216 2568 251),
246 2488 489 2549 Westermacnns.
540 2486 649 2547 Exules
684 2507 769 2567 qnam
805 2491 963 2556 redirernnt
995 2512 1072 2561 actor
1104 2514 1162 2566 erat

116 2573 196 2647 παῖς
221 2572 268 2657 (ξ
297 2575 349 2638 10,
369 2573 450 2653 22),
471 2591 558 2654 quare
586 2569 719 2651 conjicias
741 2574 893 2638 orationem
915 2580 1009 2659 paullo
1030 2600 1094 2667 post
1114 2589 1162 2655 ΟΙ.
1223 2653 1228 2665 ,

115 2658 169 2734 95,
190 2657 221 2722 4.
241 2662 373 2741 scriptam
394 2680 467 2733 esse,
490 2657 738 2738 provocausetium
750 2663 785 2720 ad
800 2666 883 2724 rerba
897 2662 923 2746 §.
937 2666 996 2732 ln:
1018 2667 1162 2735 τοσούτω

111 2739 220 2831 χρόνῳ
242 2734 394 2829 dorsera
416 2747 466 2807 sed
483 2743 550 2806 ibid.
571 2752 599 2803 et
620 2742 648 2825 §.
672 2743 723 2806 18.
734 2746 800 2806 dicit
817 2760 928 2813 orator:
949 2758 1067 2819 νεωστὶ
1081 2739 1162 2822 κατ’.

115 2825 328 2910 ιληλυθόσιν,
359 2845 442 2913 atque
466 2832 616 2891 orationem
645 2840 710 2890 ante
736 2831 839 2893 hellam
872 2835 1017 2901 Boeotium
1048 2864 1072 2905 s.
1102 2846 1162 2907 Co.

114 2917 245 2977 cinthium
271 2918 456 2997 conscriptam
485 2936 550 2975 esse
576 2912 679 2994 optime
715 2914 806 2977 elucet
825 2939 861 2979 cx
894 2920 1009 3002 §.152
1042 2919 1162 2994 οὐκοῦν
1227 2957 1229 2963 “

115 2993 264 3085 αἰσχρόν,
295 2993 327 3062 εἰ
353 2993 378 3063 δι’
404 3003 466 3079 μὲν
491 2993 769 3098 Λακεδαιμονίοις
801 3001 994 3072 συνέθεσθε
1020 3010 1164 3094 βεβαιῶ.

116 3107 189 3150 cete
217 3124 257 3136 -
286 3086 344 3149 καὶ
371 3083 431 3161 τὰς
465 3087 527 3165 μὲν
552 3105 635 3169 προς
674 3081 815 3160 ἕκέινθνς
847 3087 1020 3172 συνθήκας
1049 3098 1163 3184 κυρίας
1224 3152 1228 3158 .

118 3168 272 3250 ποιήσετε
299 3209 340 3225 -
367 3173 425 3233 καὶ
451 3170 520 3244 τοῖς
548 3174 609 3253 μὲν
634 3162 749 3265 ᾅλλοις
774 3163 936 3251 Ἕλλησιν
962 3176 1161 3269 ὀργίζοισθε,

116 3257 151 3321 ei'
179 3279 228 3333 τις
262 3251 547 3339 Λακεδαιμονίους
578 3250 671 3338 {epora
702 3257 778 3341 περὶ
822 3258 971 3341 πλείονος
1008 3278 1161 3348 ποιεῖται,
1240 3338 1243 3343 ,

115 3338 207 3429 ὑμεῖς
234 3337 268 3404 d’
296 3337 393 3406 adoni
422 3337 620 3444 ponticensis
648 3340 844 3429 πιστότερον
871 3346 953 3434 πρὸς
979 3350 1162 3437 ἐκείνουςῆ

117 3426 199 3516 πρὸς
226 3423 311 3513 ὑμᾶς
341 3423 462 3504 αὐτους
493 3424 705 3512 διακείμενοι.
761 3431 858 3495 Oratio
879 3438 964 3519 igitur
985 3445 1081 3507 hahita
1098 3466 1163 3513 esso

115 3520 222 3583 uidetur
242 3518 289 3583 01.
310 3515 364 3601 95,
383 3512 415 3582 4.
439 3516 484 3581 nel
505 3516 551 3578 Ol.
569 3513 628 3594 96,
650 3514 680 3581 l.
