2892 4684
291 293 344 366 90

288 473 437 556 Aobquam
458 465 544 547 igitur
563 462 770 544 inscriptionem
791 459 966 524 retineamus.
1010 457 1119 540 Neg‘ari
1146 460 1255 541 qotono
1278 482 1337 524 οοι

290 568 388 645 potest,
416 554 525 618 titolum
555 543 640 612 κατὰ
668 539 861 626 Πολιάρχου
883 549 953 605 hano
973 565 1004 606 se
1026 548 1137 623 haltere,
1159 545 1224 626 quia
1245 551 1338 610 oratio

290 668 345 707 non
375 655 416 703 cst
447 629 643 700 διαδικασία
671 628 753 716 πρὸς
781 628 821 691 τὸ
849 624 1021 711 δημόσιον,
1042 634 1090 692 sed
1114 631 1255 693 accusatio
1275 633 1337 693 Po·

289 731 387 793 banchi
408 715 620 808 παρανόμων,
642 719 690 778 saal
713 716 778 798 qnia
799 736 833 777 ea
852 716 916 795 ipra
937 736 973 776 ex
991 716 1177 797 publicatione
1199 719 1337 780 honorum

288 827 386 879 exorta
408 830 496 891 neutro
517 826 611 868 noram
632 803 809 865 archontibus
835 801 982 882 dijrulicata
1010 815 1061 879 est,
1092 803 1206 883 antiqua
1232 803 1338 864 inscri-

290 904 345 982 ptio
367 897 431 960 mihi
455 893 552 955 malins
573 901 763 963 arattmeutum
778 886 899 947 indicare
919 887 1037 951 uidetur.
1078 887 1148 948 lhnn
1168 901 1259 949 sutem
1280 909 1337 949 oo-

287 1008 350 1049 moo
372 983 397 1066 ᾗ
424 981 475 1043 13.
518 971 682 1056 Πολίοχος
704 973 788 1035 scribi
809 970 869 1033 uult
890 971 1031 1050 Berghius
1053 970 1112 1053 (ad.
1136 974 1205 1034 calo.
1223 976 1333 1038 Antioc.

287 1069 415 1135 schillem
438 1089 465 1147 p,
490 1059 587 1140 list),
609 1066 681 1142 quon
711 1058 892 1138 Harpocratio
916 1050 1081 1138 Πολίοχος
1099 1057 1156 1118 καί
1173 1052 1335 1120 Πολυάλ-

177 1189 180 1194 ,
286 1175 344 1233 κης
366 1147 518 1234 ὀνόματα
537 1140 649 1229 κύψας
671 1146 767 1205 eadem
789 1143 919 1222 leguntur
939 1164 987 1221 ap.
1008 1143 1137 1204 Photinus
1157 1152 1239 1222 atquc
1260 1147 1334 1206 haue

285 1246 403 1305 lormato
431 1237 497 1298 olnu
527 1246 621 1296 nostro
643 1225 703 1292 loco
724 1228 858 1310 scriptam
886 1229 972 1289 lt'tisse
998 1231 1057 1306 jam
1086 1228 1229 1310 Taylorns
1259 1251 1332 1290 oon..

283 1327 351 1411 jecit
385 1325 555 1401 eandemque
591 1315 767 1395 Aristophani
805 1312 913 1393 Lysist.
945 1307 1023 1378 344.
1058 1334 1108 1395 pro
1144 1307 1333 1396 ΙΙολίοαχος

286 1412 485 1475 restituendam
515 1424 579 1467 cese
605 1402 703 1464 statuit
733 1400 884 1479 Bergltius.
935 1398 991 1460 Srd
1021 1420 1119 1460 nome„
1141 1394 1332 1482 Hellaoxoc

285 1496 379 1577 magis
402 1491 481 1555 nobis
502 1500 596 1553 uotum
618 1498 677 1564 est,
701 1506 801 1548 nomen
822 1486 895 1546 enim
916 1493 975 1545 erat
994 1484 1043 1546 lilii
1056 1484 1255 1548 Themistoclis
1277 1489 1330 1566 (ci.

283 1582 408 1646 Bosoler.
437 1582 472 1641 de
501 1576 570 1654 lam.
600 1579 657 1635 att.
690 1592 750 1633 sac.
778 1592 807 1651 p.
828 1568 880 1632 42.
903 1567 1002 1634 Maior.
1032 1571 1067 1630 dn
1088 1570 1182 1649 gentil.
1205 1592 1234 1652 p.
1257 1566 1328 1649 49.)

285 1679 314 1731 et
335 1665 450 1746 saepius
470 1660 590 1723 occurrit
610 1658 659 1733 (cl.
682 1658 813 1719 Schoeut.
834 1658 880 1716 ad.
904 1653 943 1717 Is.
966 1677 995 1735 p.
1024 1653 1122 1735 ltu),
1164 1657 1208 1717 Aa
1229 1676 1327 1738 nomon

284 1747 469 1829 Πολιοῦχος
494 1745 579 1806 suerit
606 1743 747 1818 usitatum,
775 1741 882 1815 nesci03
915 1749 1011 1804 servat
1038 1740 1133 1802 thol.
1166 1742 1247 1805 arist
1277 1740 1327 1825 (v.

283 1837 339 1900 ΙΙΙ.
362 1858 391 1916 p.
411 1831 486 1896 506.
509 1824 621 1909 uiuat:
649 1823 852 1906 Πολιοῦχος·
873 1819 1088 1903 (Περικλῆςλ)
1119 1811 1215 1900 οὗτος
1233 1822 1327 1905 ἔταξε

284 1920 342 1988 καὶ
362 1909 572 2001 βουλευτικὸν
591 1907 723 1993 μισθὸν
743 1911 801 1972 καὶ
820 1904 1009 1973 διδακτικόν
1035 1906 1282 1990 (cooneratus).

368 2004 534 2068 Pollarchtts
560 2001 689 2082 quoidam,
718 2000 753 2059 tle
778 2018 833 2079 quo
864 1995 929 2056 nihil
956 1997 1058 2066 scimus
1087 1997 1138 2059 nisi
1165 2018 1228 2060 eum
1255 2000 1326 2059 inter

283 2092 382 2155 exules
410 2088 583 2170 Phylceoses
607 2084 704 2163 foisse,
728 2083 806 2163 prius
835 2082 971 2144 bominem
993 2084 1140 2163 qtnantlam,
1162 2084 1208 2164 qui
1229 2097 1325 2147 contra

280 2180 329 2264 jus
359 2187 388 2239 ut
416 2172 557 2251 Erroroth,
587 2170 681 2245 fratris
708 2168 818 2248 Niciae,
845 2172 919 2228 bona
942 2168 1156 2248 publicarentur,
1178 2173 1252 2250 apud
1271 2190 1325 2250 po.
1427 2213 1428 2220 ,

283 2263 378 2349 pulum
399 2260 539 2336 retulerat,
561 2265 745 2332 accttsuuerat
764 2254 845 2337 isque
864 2265 895 2314 ut
910 2254 986 2314 mille
996 2255 1134 2316 drachmis
1154 2253 1204 2333 (nl.
1219 2254 1321 2318 Maior,

282 2354 318 2413 de
339 2352 404 2412 bon.
428 2349 521 2408 damn.
545 2364 576 2425 p.
594 2340 687 2414 209.)
715 2341 885 2418 multaretur,
913 2339 1041 2402 effecerat
1062 2338 1206 2423 (§.14.).
1245 2341 1329 2404 'l'nflrx
1425 2390 1428 2401 ,

280 2457 349 2499 veto
376 2435 437 2515 ipse
464 2427 602 2511 plebisciti
627 2437 729 2488 auctor
754 2426 813 2504 fnit,
845 2437 877 2487 nt
903 2424 954 2486 illa
983 2428 1056 2488 bene
1077 2425 1189 2508 publica
1207 2425 1323 2507 lieteut;

280 2521 309 2584 iol
332 2522 404 2602 quod
426 2516 559 2600 populum
577 2513 639 2594 jam
658 2513 814 2572 decrevisse
842 2522 960 2592 apparet
985 2531 1021 2572 ex
1043 2510 1073 2595 §-
1096 2506 1155 2575 14:
1178 2510 1252 2573 nont
1271 2530 1323 2573 ua.

280 2599 400 2681 νίκηκι.
448 2602 592 2663 aduersos
613 2617 676 2657 enm
703 2599 856 2660 extiterunt
885 2595 932 2657 tilii
960 2596 1090 2659 Eocratis
1118 2590 1324 2682 παρανόμων

279 2711 343 2756 οοιο
364 2698 530 2752 accusantes
551 2682 595 2765 (§.
624 2677 699 2757 lh).
743 2680 815 2758 Quis
834 2680 996 2761 primariam
1024 2683 1176 2746 orationem
1198 2684 1324 2746 babuerit

279 2777 415 2841 incertum
451 2783 511 2849 est,
550 2787 718 2851 quamquam
752 2766 869 2842 cogitari
901 2778 993 2846 potest
1030 2771 1065 2829 de
1098 2770 1182 2830 lintre
1218 2770 1323 2831 actoris

280 2860 326 2947 (ξ.
347 2856 426 2942 21.).
467 2856 573 2919 Nostra
592 2852 681 2916 oratio
701 2862 746 2915 cst
766 2846 1003 2935 δευτερολοχία,
1023 2856 1095 2935 qnod
1117 2855 1207 2934 prima
1235 2857 1323 2917 roth·

276 2947 338 3033 jam
365 2946 498 3019 indicant,
526 2950 555 3001 st
580 2941 690 3022 qttidern
711 2931 862 3018 ἐπίλογος
887 2937 932 3021 (ᾗ.
952 2936 1040 3018 24.);
1064 2940 1217 3002 testimonio
1235 2940 1323 3019 igitur

278 3054 334 3095 uon
363 3029 549 3112 proferuntur.
599 3025 701 3086 Orator
727 3028 761 3084 de
780 3025 916 3085 Poliarolti
944 3026 1089 3106 rogatione
1106 3025 1191 3107 paula
1210 3035 1320 3088 tantum

276 3118 412 3197 disputat,
442 3112 507 3195 quie
531 3110 589 3192 jam
617 3129 636 3171 a
663 3107 755 3190 primo
784 3120 947 3171 accusatore
969 3121 1184 3189 tractataera13
1205 3111 1321 3175 eadfa-

276 3202 371 3269 miliae
392 3219 461 3261 suae
488 3191 608 3278 gloriam
639 3194 821 3275 virtutemque
847 3195 986 3276 jndicibus
1006 3195 1034 3257 in
1056 3199 1215 3258 memoriam
1237 3204 1322 3259 reto·

273 3298 332 3367 cal,
353 3283 590 3366 Niciaeprimuttt,
612 3279 760 3341 clarissimi
783 3280 859 3341 ducis
881 3282 927 3361 qui
950 3281 1037 3342 multa
1060 3283 1227 3362 reipublicae
1240 3305 1321 3363 χω.

276 3376 367 3451 fuerit,
390 3368 517 3454 qttamvis
537 3366 654 3429 aliorum
675 3364 758 3446 culpa
777 3365 912 3426 interilum
933 3365 961 3426 in
983 3368 1168 3430 calamitatem
1180 3368 1319 3445 inciderit,
1336 3416 1339 3420 ,

276 3462 374 3523 tleitule
405 3455 534 3519 Eucralis
559 3452 658 3515 Niciae
685 3451 781 3512 fratris
809 3450 855 3532 qni
885 3461 948 3530 post
975 3473 1100 3533 pttgnaro
1128 3452 1255 3515 navalem
1282 3458 1319 3515 aa

273 3548 372 3625 Aegos
393 3545 494 3606 humen
516 3538 694 3602 commissam
713 3542 750 3598 ah
771 3528 912 3620 ἑταίροις
931 3536 982 3619 (el.
1006 3537 1033 3599 in
1057 3537 1174 3617 Erotb.
1188 3536 1260 3617 43.)
1282 3543 1318 3599 ao

274 3628 472 3712 rempublicam
494 3627 668 3689 evertendum
690 3633 856 3704 prouocatus
878 3623 1070 3687 dominationis
1091 3624 1176 3686 XXX
1197 3625 1319 3686 virorum
1425 3629 1426 3638 ’

297 3716 418 3795 anticeps
448 3733 513 3775 esse
538 3710 669 3785 uoluerit,
702 3712 751 3770 setl
782 3720 896 3770 tourtam
917 3710 1080 3791 eutrotia-rit,
1104 3722 1162 3772 tutu
1184 3709 1318 3787 Nicerati,

274 3740 325 3868 itit
347 3799 455 3875 Niciae,
483 3818 572 3880 aeque
591 3815 626 3857 ao
654 3793 694 3855 illi
715 3796 820 3875 populo
841 3797 960 3857 larentia
982 3807 1009 3856 et
1030 3816 1048 3856 a
1069 3795 1154 3857 XXX
1175 3797 1242 3859 titis
1264 3818 1318 3857 ne·

275 3888 330 3952 cati
352 3886 411 3966 (-·
430 3881 459 3966 ᾗ.
480 3881 512 3945 6.
559 3881 605 3942 οο
629 3879 736 3943 familie
757 3881 794 3954 ct.
816 3880 939 3942 Boselth.
967 3880 1002 3942 0.
1025 3903 1050 3944 e.
1073 3880 1114 3959 ll,
1139 3881 1317 3960 13.);1tin.

275 3983 404 4057 gnestutn
424 3966 542 4050 (lenique
563 3967 661 4028 Niniue
680 3983 708 4029 et
729 3965 860 4028 Eucratis
872 3968 981 4027 [rehem
1002 3967 1053 4043 (ci.
1068 3966 1161 4032 Brenn.
1175 3974 1317 4049 prooem.)

275 4059 402 4148 quonia
430 4075 479 4138 per
506 4056 695 4135 syrophantas
727 4052 854 4133 ejectam,
881 4051 920 4112 rei
949 4061 1039 4114 tumen
1068 4054 1196 4135 ptthlicsti
1222 4052 1317 4136 lesere
