2892 4684
832 150 865 215 ι

1135 254 1184 331 18

129 386 339 514 moyseus.
379 429 472 498 usu
491 430 565 498 um
582 441 629 495 so
654 426 814 495 autumo
839 431 973 499 seusus
997 433 1187 518 mogum

129 523 183 587 Oh
208 520 262 599 78,
290 522 323 586 L
346 529 432 601 atque
460 528 576 581 vocatur
601 508 735 581 Λυσίου
759 513 978 605 πρεσβύτερος
1003 517 1092 586 ἔτεσί
1118 544 1189 589 nou

87 674 91 681 ,
132 604 288 693 dicetur
309 627 383 670 corr.
404 604 520 667 ltleursii
544 605 620 667 lectt.
644 607 703 668 hrt.
725 602 775 681 tv,
797 600 849 667 14.
873 627 924 689 pro
945 606 1024 688 vulg.
1047 604 1195 694 emsa,

130 696 185 757 sed
214 692 320 754 numeri
347 688 413 770 quin
434 690 573 753 ascribis
595 689 680 753 rerho
702 703 835 771 sequente
855 684 976 755 τούτου
1003 696 1033 755 in
1060 715 1187 760 errorem

128 772 229 841 sinetis
254 778 311 838 siut
331 777 438 839 cnnlusi
460 777 509 838 vix
530 775 659 854 cuiquam
679 784 773 853 potest
793 795 858 838 esse
886 778 1023 859 dubium).
1075 780 1187 860 [Quone

131 867 205 926 haee
225 861 453 943 conscripsissem
475 860 532 940 legi
552 859 652 922 Meieri
673 880 773 924 comm.
801 860 853 926 lll.
875 866 911 926 cle
930 864 1089 928 Andocides
1110 888 1184 949 quae
1294 896 1299 901 ’
1327 868 1334 888 ’

24 954 25 1005 3
131 948 223 1028 uulgo
243 949 331 1010 femur
350 968 393 1011 or.
413 939 439 1013 ei
460 945 552 1010 hleih.
579 947 608 1008 in
636 946 695 1006 iud.
726 946 816 1009 schol.
845 967 894 1012 uu.
915 948 983 1014 Hal.
1006 950 1103 1018 1837.
1126 973 1184 1034 qua

130 1033 188 1097 th
211 1032 416 1113 sagacissimus
444 1030 537 1094 locum
565 1028 772 1094 Plutarchicum
800 1046 952 1098 commutat
976 1036 1005 1098 iu
1028 1040 1100 1100 huuc
1119 1059 1186 1101 mo-

131 1121 202 1181 durn
232 1133 262 1180 ut
290 1118 433 1181 duducide
458 1117 565 1199 Lysias
596 1117 705 1181 dicetur
735 1117 856 1180 sedecim
883 1122 966 1183 suuis
993 1122 1103 1204 major,
1132 1126 1184 1187 sed
1298 1184 1308 1201 N

134 1205 258 1267 nundum
277 1203 319 1266 ita
339 1223 405 1265 esse
424 1205 619 1283 corrigendum
640 1205 810 1282 persuadere
829 1205 897 1267 mihi
917 1207 1017 1289 potui]
1040 1208 1113 1271 lllud
1125 1210 1184 1289 igi-

87 1290 93 1293 ’
133 1302 184 1352 ter
204 1292 308 1371 optime
325 1310 388 1350 cnm
410 1287 515 1367 Lysiae
534 1306 608 1348 auun
637 1286 725 1348 natali
746 1288 792 1349 01.
814 1286 868 1366 80,
889 1291 921 1355 2.
943 1295 1082 1372 congruit.
1124 1297 1183 1358 Sed

24 1372 27 1381 ’
133 1374 205 1436 nihil
223 1384 268 1436 est
289 1377 361 1455 rpuod
390 1373 503 1435 uherius
522 1375 558 1433 de
577 1372 632 1434 hac
651 1390 691 1433 re
711 1372 902 1454 disputemus,
932 1376 1089 1439 Philoclem
1110 1380 1183 1443 euim

23 1482 24 1499 υ
132 1462 295 1523 archontes»
324 1460 412 1522 luisse
439 1457 485 1521 01.
507 1455 561 1534 80,
581 1456 614 1522 2.
634 1475 672 1517 ex
699 1471 865 1537 argumento
890 1463 1108 1542 Agamemnonis
1133 1466 1184 1527 fa-

133 1545 217 1609 huluo
236 1546 410 1628 Aeschyleae
429 1564 501 1626 quea
520 1544 569 1605 illu
588 1543 744 1623 imperante
763 1545 847 1607 ducta
867 1556 925 1625 est,
953 1547 1110 1612 clarissime
1128 1570 1185 1633 ap-

23 1658 25 1667 =
132 1643 227 1714 peret.
266 1630 307 1692 Ut
327 1652 393 1694 reru
414 1631 570 1694 accuratius
590 1627 654 1692 anui
675 1627 783 1710 Lysiae
802 1629 902 1695 natalis
928 1640 1037 1714 tempus
1065 1634 1184 1698 deliniu-

132 1737 208 1795 mus,
228 1713 340 1795 lougius
361 1717 580 1799 progrediamur.
620 1716 760 1777 leocrates
788 1717 908 1781 testibus
935 1718 1085 1802 Diuoysio,
1111 1720 1183 1784 Plu-

133 1804 242 1880 amhn,
264 1802 374 1883 Pholiu,
396 1812 478 1864 uatus
504 1797 746 1878 ost-01.86,1.
774 1803 907 1866 archonte
932 1803 1104 1886 Lysimacho
1134 1819 1182 1870 at-

132 1907 189 1969 que
209 1889 319 1969 qnidam
333 1887 359 1963 1)
389 1907 486 1950 mense
512 1886 757 1949 Hecatnmhaeoue
784 1887 828 1952 rel
857 1897 932 1951 eerte
960 1891 1182 1973 Metageitniuue

130 1984 216 2054 atque
240 1986 357 2036 uocatur
381 1965 534 2055 νεώτερος
557 1972 620 2052 μὲν
645 1965 776 2036 Λυσίου
801 1969 900 2036 δυσὶν
925 1967 1033 2039 ἔτεσιν
1057 1978 1115 2041 καὶ
1139 1970 1181 2059 κ’,

131 2051 350 2144 πρεσβύτερος
371 2055 406 2120 δὲ
426 2056 609 2130 Πλάτωνος
635 2049 735 2136 iunci,
761 2056 842 2120 Plato
854 2061 881 2144 ²)
912 2080 975 2121 cnm
1002 2062 1051 2128 01.
1072 2063 1126 2145 87,
1147 2066 1182 2130 3.

23 2148 24 2167 ’
130 2143 198 2208 llll.
229 2145 369 2226 Thargel.
400 2144 445 2204 die
479 2140 616 2223 (essse.
642 2140 728 2221 Mei)
753 2153 836 2206 uatus
870 2145 923 2217 sit,
955 2148 1011 2209 hon
1044 2161 1121 2212 recte
1147 2169 1182 2213 se

128 2229 216 2293 hahet
245 2242 329 2310 atque
356 2229 509 2290 Isocratem
531 2226 610 2287 initio
638 2224 685 2287 01.
705 2223 761 2300 86,
783 2226 814 2288 1.
844 2227 874 2288 iu
902 2229 993 2291 lueeuu
1020 2244 1182 2315 susceptum
1248 2236 1251 2243 ’

128 2315 195 2378 inde
214 2314 352 2377 memus,
393 2312 475 2389 Quod
496 2310 520 2373 si
541 2317 631 2371 retum
651 2308 856 2390 existimamus,
883 2312 989 2393 Lysias
1017 2319 1064 2397 qui
1083 2312 1198 2385 xxti,

129 2399 212 2466 anuis
230 2399 321 2460 maior
339 2399 463 2460 Isocrate
482 2396 590 2474 dicitur,
611 2403 693 2459 uatus
712 2403 756 2457 est
776 2394 850 2459 muna
869 2397 954 2460 linem
981 2404 1049 2463 anui
1079 2404 1181 2467 Phile⁴

131 2488 185 2550 elis
205 2484 300 2567 paullo
320 2494 387 2547 aute
405 2483 525 2546 mediam
546 2489 680 2545 aestatem
702 2501 733 2544 a.
752 2476 826 2547 458.
869 2482 1043 2571 Chrunulogi
1069 2489 1180 2570 priores

131 2572 227 2634 multis
247 2569 454 2633 difficultatibus
474 2567 705 2650 implicabantur,
726 2571 862 2647 putabant
883 2569 956 2632 euim
969 2570 1007 2654 ³),
1029 2578 1179 2639 archontes

132 2667 198 2720 aute
219 2657 266 2721 01.
287 2656 340 2734 87,
362 2657 392 2718 1.
414 2657 572 2738 suscepisse
592 2674 808 2722 muuusmeuse
829 2654 1007 2737 Gamelione,
1033 2660 1179 2741 Pythodu«

131 2764 193 2805 rum
224 2763 290 2807 vern
317 2742 364 2806 01.
384 2739 439 2819 87,
460 2743 491 2805 1.
518 2760 607 2804 meus.
632 2740 799 2802 Hecatomh.
832 2740 878 2804 die
897 2740 924 2805 Ι.
945 2742 965 2808 i.
987 2745 1179 2815 elocuti.

130 2824 214 2908 4323
240 2830 386 2910 Apseudes
407 2828 470 2910 ejus
497 2835 658 2889 antecessor
677 2846 713 2887 ex
734 2825 873 2886 llodwelli
902 2828 951 2905 (dc
972 2829 1059 2909 cyclis
1077 2831 1105 2910 I,
1125 2829 1179 2909 4.)

130 2914 266 2978 sententia
296 2912 343 2975 01.
372 2910 425 2989 86,
453 2908 485 2979 4.
513 2914 617 2976 archon
646 2919 708 2972 erat
730 2929 750 2971 a
769 2918 866 2972 mense
894 2911 1004 2977 Gamel.
1031 2937 1121 3000 usqne
1140 2920 1179 2981 ad

129 2999 230 3066 Ileeut.
266 2995 388 3078 (432,
406 2988 485 3061 laur.
509 3032 545 3046 -
575 2994 693 3077 luni),
723 3015 762 3057 ex
788 2995 901 3059 Cossini
935 3020 1001 3061 uero
1029 3002 1076 3065 01.
1112 3001 1179 3091 8671

130 3087 227 3168 (laur.
255 3082 321 3148 433
339 3118 384 3134 ·-
404 3083 467 3145 Juui
487 3077 574 3165 432).
615 3080 779 3144 Doduellus
800 3083 888 3162 (dun.
919 3084 1012 3148 Thoe.
1035 3110 1065 3170 p.
1087 3088 1179 3174 111.)

130 3193 215 3254 porro
235 3171 341 3248 statuit,
363 3170 564 3250 Lysimachum
590 3166 681 3230 fnisse
709 3168 870 3230 archontem
897 3169 944 3234 01.
966 3169 1018 3251 86,
1039 3175 1062 3237 2
1083 3175 1176 3255 (laur.

129 3253 198 3322 434
216 3290 260 3308 --
279 3256 384 3318 Dechr.
406 3251 508 3335 434),
535 3253 688 3316 Philoclem
707 3251 762 3330 80,
783 3251 806 3315 2
826 3253 922 3329 (leur.
942 3250 1176 3325 sss-Decor.

129 3340 232 3425 458),
253 3362 310 3424 qua
329 3340 534 3421 computatione
553 3339 583 3400 iu
604 3346 726 3401 errorem
748 3340 848 3401 ductus
867 3339 971 3402 fatetur
984 3342 1177 3410 difficillimum

130 3449 196 3493 esse
216 3429 350 3491 rationem
371 3428 494 3504 reddere,
522 3427 659 3508 quomodo
687 3424 826 3486 leucrates
851 3424 946 3507 junior
971 3427 1008 3489 sit
1028 3427 1175 3494 222111112

128 3513 234 3597 Lysia,
261 3513 437 3575 interuallum
463 3511 507 3575 22
534 3531 669 3573 annorum
697 3524 754 3573 unu
780 3509 861 3572 aliter
888 3530 953 3573 esse
980 3511 1034 3575 uisi
1063 3515 1176 3597 rejectis

128 3604 265 3664 amhuhus
285 3598 428 3662 extremis.
469 3597 605 3661 Cursinus
625 3604 699 3659 recte
720 3594 831 3678 quidem
859 3597 1009 3677 contendit,
1038 3600 1177 3681 Lysims.

128 3688 210 3749 chum
222 3686 311 3748 luisse
321 3688 479 3749 archonten
489 3681 538 3752 Ol.
547 3681 601 3764 86,
612 3681 655 3764 l.,
676 3681 917 3745 sederratdieens
938 3681 1174 3769 01.85,4flte,1.

128 3810 328 3833 ...u——

164 3889 197 4023 1))
205 3898 474 4019 ecxsscppprppyphfpnp
481 3891 594 4028 ‘iiiilgi
608 3883 904 4023 {tilietiisihrom
920 3951 944 4011 1.
960 3966 990 4024 p.
1006 3950 1069 4008 337.
1230 4022 1233 4030 1

164 4027 193 4094 ³)
208 4030 245 4085 cl.
263 4030 373 4089 cmsin.
390 4028 412 4095 1,
428 4030 505 4098 h.'1,
523 4027 550 4097 9,
560 4027 610 4092 40,
628 4026 675 4095 14,
693 4028 721 4088 6.
739 4025 776 4083 ll.
793 4041 823 4099 p.
840 4017 1174 4096 xx1v2qq.xxxvut·
1206 4068 1214 4075 .
