2892 4684
1022 291 1025 298 ’
1072 356 1166 440 rm·

95 531 224 628 prelorum
257 503 462 622 veniebantque
497 535 749 622 percipimushnn
776 535 848 603 illuc
874 535 1020 622 adducitur
1039 550 1076 607 ot
1103 550 1157 610 nur
1246 619 1250 625 ,

15 699 22 708 .
96 630 236 693 nationes
267 627 406 710 genuinas
433 631 482 687 aot
510 625 621 707 spurias
642 644 708 687 esse
728 624 841 710 iudicet,
867 628 966 690 deindo
984 646 1154 713 argnmenta

96 715 231 778 lhstnrica
257 716 359 795 quihus
386 710 552 773 senentiam
581 729 663 773 snam
692 709 820 775 firmaret
837 712 1028 796 investigavit.
1070 715 1152 781 Haec

97 800 188 883 igitur
218 798 369 861 verisimile
395 806 441 859 est
466 817 529 859 eum
560 798 596 858 ad
620 797 691 858 baon
710 817 822 877 qnoque
849 799 1000 862 orationem
1022 821 1040 863 a
1061 801 1153 884 Lysia

96 886 315 968 abjudicandam
344 883 478 946 movisse.
535 881 667 944 Ceterum
703 883 831 946 conditio
865 905 922 965 qua
949 886 1049 949 Nicias
1078 892 1153 952 hauo

96 972 250 1035 orationem
278 970 413 1032 hahuisse
439 967 553 1047 dicitur,
581 969 674 1030 obstat
694 969 842 1048 quominus
863 970 1001 1033 lunensem
1022 980 1153 1054 potemus

95 1059 150 1135 (cit
174 1057 251 1123 Plut.
273 1054 336 1118 Nic.
356 1054 440 1136 27);
461 1057 533 1137 quud
554 1065 749 1136 argumentum
769 1075 832 1117 cour
849 1055 976 1120 rideatur
997 1058 1153 1140 Dionysius

96 1144 231 1207 adhibere
254 1142 389 1220 uoluisse,
419 1140 589 1221 Spengellns
622 1140 761 1221 (away.
788 1163 818 1223 p.
855 1141 919 1204 137
941 1147 1030 1225 sqq.)
1052 1146 1154 1209 Theo·
1238 1139 1242 1147 ’

96 1230 214 1312 phrasto
230 1229 336 1290 anxilio
358 1226 431 1289 veuit
451 1236 479 1286 et
498 1225 653 1287 orationum
673 1225 763 1287 luisse
783 1228 1009 1293 exercitationem
1021 1231 1155 1312 suspica·

99 1325 156 1379 tur.
204 1315 238 1378 Si
258 1312 366 1396 Lysiae
395 1320 467 1387 erat,
496 1322 572 1373 certe
593 1309 659 1371 nihil
688 1310 743 1373 nisi
764 1313 927 1374 exercitatio
945 1323 1016 1378 erat.
1059 1317 1153 1381 Dictio
1226 1371 1228 1376 ⁴

47 1431 50 1442 .
99 1413 193 1465 autern
214 1421 276 1461 uum
299 1398 410 1461 omuino
431 1397 556 1459 scholam
583 1396 741 1458 Siculorum
764 1396 902 1476 redoleat,
924 1399 1012 1461 oratio
1033 1400 1058 1462 ei
1082 1414 1155 1464 tama

99 1486 162 1570 pori
192 1488 302 1572 ¹ridetur
329 1483 494 1554 ascribenda
523 1502 603 1559 esse,
633 1503 688 1564 quo
709 1482 817 1564 Lysias
838 1484 955 1547 Thuriis
977 1489 1152 1566 morabatur,

4 1611 5 1616 κ
99 1573 195 1638 statim
224 1571 310 1650 igitur
338 1581 402 1651 post
427 1568 534 1630 cladem
561 1568 778 1632 Atheniensibus
809 1568 838 1630 iu
861 1569 958 1636 Sicilia
977 1570 1103 1653 illatam,
1125 1574 1156 1635 id

99 1658 174 1742 quod
209 1656 293 1718 etiam
325 1657 471 1738 Taylorus
499 1667 527 1715 et
562 1653 731 1736 Spengelins
763 1665 940 1721 censuerunt:
990 1656 1156 1722 Mirandum

99 1764 172 1807 saue
192 1739 310 1825 Lysiam
337 1749 529 1820 argumentum
559 1738 765 1802 exercitationis
785 1741 923 1803 sumsisse
952 1743 1061 1805 exilio
1082 1753 1157 1806 tem·

99 1849 170 1913 pore
200 1850 255 1911 quo
282 1827 413 1910 scripsit;
440 1826 540 1888 mirum
570 1846 607 1887 ex
628 1825 708 1887 clade
730 1846 793 1887 eum
815 1827 961 1908 sumsisse,
982 1850 1056 1911 quae
1078 1826 1156 1891 exilii

101 1917 147 1980 eui
175 1935 264 1977 causa
283 1924 328 1976 est
346 1912 432 1976 lacta.
474 1913 506 1974 Sl
529 1933 583 1972 nuo
603 1921 711 1973 tautum
725 1911 788 1974 loco
810 1911 1028 1996 Theophrastus
1045 1916 1155 1997 Lysiae

101 2000 214 2064 lecisset
241 2000 420 2076 mentionem,
447 1995 613 2077 Dionysium
634 2001 775 2058 crederem
793 1997 825 2059 iu
847 1999 1038 2081 Theophrasti
1058 2002 1155 2064 libello

4 2109 5 2120 ¹
100 2109 155 2170 pro
187 2085 274 2147 Tisia
304 2084 410 2163 legisse
436 2067 611 2161 negligenter
644 2082 782 2161 Lysiam3
816 2083 928 2144 Tisiam
957 2087 1031 2145 enim
1069 2086 1156 2148 talem

4 2185 5 2216 f
102 2170 331 2235 'exercitationem
360 2167 514 2230 conlemsse
553 2187 607 2226 nou
643 2166 804 2230 offenderet.
854 2168 910 2230 Sed
939 2169 1155 2251 Theophrastus
1213 2233 1221 2240 ,

100 2257 230 2340 pluribus
257 2255 328 2316 locis
354 2253 474 2334 Lysiam
501 2251 676 2332 impugnavit
703 2272 792 2333 neque
820 2252 970 2316 uerisimile
998 2264 1057 2336 cst,
1093 2258 1155 2340 ejus

100 2353 225 2424 tempore
246 2343 386 2402 orationes
407 2338 514 2421 Lysiae
529 2337 619 2410 luisse
639 2337 784 2419 subditas3
806 2358 842 2399 ex
863 2357 958 2401 eorum
980 2351 1075 2402 autem
1100 2363 1156 2403 uu-

102 2438 181 2493 ru'ero
201 2427 445 2507 Peripateticorum
465 2424 511 2506 qui
539 2421 616 2484 nulla
643 2419 769 2484 veritatis
798 2424 904 2485 ratione
926 2425 1023 2488 hahita
1041 2427 1156 2490 irthulas

103 2516 279 2591 effinxerunt,
308 2513 522 2592 Theophrastus
543 2510 660 2573 'videtur
687 2527 752 2570 essa
778 2509 955 2574 eximendus.
1004 2512 1041 2574 Ei
1069 2512 1162 2593 igitur-

101 2603 133 2664 ln
154 2602 208 2661 bac
227 2620 259 2661 re
280 2598 361 2659 tidem
382 2600 545 2674 habeamus,
566 2594 720 2657 orationum
742 2616 794 2676 pro
815 2596 898 2659 Nicia
917 2596 1006 2659 luisse
1025 2599 1155 2683 Lysiae,

106 2689 160 2749 sed
187 2685 336 2767 opprobrio
364 2694 438 2746 certe
470 2683 543 2744 unuln
571 2681 613 2743 rel
642 2690 724 2742 actae
751 2683 778 2740 iu
803 2684 980 2763 argumentis
1005 2704 1058 2764 pro
1088 2707 1157 2749 sun·

103 2771 192 2835 tentia
220 2791 273 2834 sua
301 2770 490 2832 confirmanda
510 2766 657 2846 eligendis,
685 2766 900 2848 Theophrastus
922 2790 975 2830 uou
998 2773 1098 2851 poterit
1117 2773 1157 2834 li·

104 2857 207 2922 berari.
252 2856 383 2917 Ceterum
406 2876 468 2918 cum
490 2853 598 2935 Lysiae
618 2852 817 2914 exercitatione
844 2875 897 2937 pro
917 2854 1001 2917 Nicia
1028 2858 1155 2938 ejusdem

105 2944 195 3007 oratio
216 2944 352 3004 aduersus
372 2940 484 3003 Niciam
505 2942 540 2999 de
560 2937 716 3020 proditione
736 2938 845 3001 uidetur
864 2941 1058 3023 conjungenda
1078 2962 1154 3021 esse,

7 3079 8 3082 η
103 3030 145 3094 ita
167 3038 196 3091 ut
218 3038 333 3108 utraque
355 3048 427 3107 opus
449 3025 573 3109 ejusdem
594 3024 652 3085 sere
673 3023 779 3085 lormao
790 3025 957 3088 continuerit
977 3026 1061 3108 quale
1083 3049 1155 3090 oou·

101 3117 169 3180 iecit
195 3112 356 3193 Antiphon,
384 3112 439 3175 uisi
459 3111 604 3197 xconjicere
629 3110 737 3190 maris,
766 3105 919 3176 orationem
945 3112 981 3175 dc
1000 3113 1155 3195 proditioue

102 3205 139 3266 ad
160 3200 237 3262 litem
258 3202 294 3259 de
313 3197 427 3259 Hermio
447 3197 584 3259 truncatis
605 3203 766 3276 spanssn,
793 3198 909 3261 sceleris
931 3197 1004 3261 euim
1024 3194 1155 3264 illiosse

102 3285 224 3350 inuicem
253 3302 404 3346 accusasse
431 3283 530 3346 Nicias
556 3291 584 3344 et
611 3282 777 3345 Alcibiades
803 3283 928 3345 feruutur
954 3285 1154 3349 ascholiastis

101 3372 292 3446 hemmonis
317 3367 365 3454 (e.
395 3391 427 3451 g.
450 3370 487 3435 nl.
509 3390 539 3451 p.
560 3367 634 3432 186.
656 3364 732 3433 254.
754 3367 819 3432 hld.
842 3389 869 3434 s.
890 3369 931 3430 T.
953 3365 1005 3433 Ν.
1024 3393 1054 3453 p.
1075 3366 1154 3435 450.

101 3456 178 3525 608.
201 3457 251 3521 W.
293 3453 369 3518 isaei
394 3474 460 3517 vero
488 3454 622 3517 orationis
651 3474 705 3534 pro
725 3454 808 3516 Nicia
837 3452 888 3536 (of.
910 3452 1062 3517 Weeterm.
1083 3456 1152 3519 bist.

100 3545 178 3626 elnq.
198 3541 291 3623 295.)
310 3561 426 3623 prorsus
446 3539 522 3603 alind
542 3539 742 3620 sosyacum
762 3538 873 3601 ridetur
890 3539 979 3602 laisum
999 3560 1153 3624 argumen-

99 3637 171 3695 itm·
211 3629 257 3694 cf·
279 3626 387 3693 Meiere
403 3626 463 3691 illd.
486 3625 563 3689 ΜΗ.
585 3647 635 3693 iifl·
653 3623 723 3694 Hal·
746 3623 839 3691 1837·
861 3647 893 3708 pe
912 3624 995 3692 xlv·

162 3839 238 3910 105.
276 3835 394 3927 Πρὸς
414 3829 664 3921 Νικόδημον
684 3833 757 3901 aci
777 3828 1085 3921 Κριτόβουλον.

381 3928 486 4011 (Tayl.
508 3924 595 4004 104„
617 3923 770 3989 Westerm.
792 3923 880 4008 137.)

179 4053 271 4139 timp.
293 4049 414 4137 ξυστὶς.
432 4052 478 4125 Λ.
498 4050 536 4118 ἐν
555 4047 603 4141 τῷ
622 4045 793 4138 npinNra
810 4050 869 4114 eut
881 4047 947 4138 Kp.
965 4044 1152 4136 γυναικεῖόν
1223 4099 1227 4106 .

94 4160 132 4212 re
158 4134 286 4228 huone
314 4138 408 4206 ἐστιν
435 4137 458 4220 ἡ
485 4137 600 4223 §nocie
626 4134 891 4224 πεποικιλμένον.
920 4138 958 4205 ct.
979 4139 1072 4207 linhlt.
1095 4141 1151 4206 hu.

909 4255 954 4325 13
